2864 4868
155 373 198 441 62
348 391 609 454 ascuarmous,
638 391 866 454 ros1o1rrus,
893 389 1079 440 arbutus.

156 533 196 601 Id
217 543 271 601 est
295 539 383 603 ὲνσεϊε
403 542 491 622 χθονί.
514 534 724 621 Rursusque
748 534 806 619 (V,
830 520 926 623 18q):

507 695 608 769 μέσσον
623 691 647 752 δ’
664 689 709 752 ἐπὶ
725 690 853 752 Πλειάδα
867 690 950 752 δύνει.

155 851 265 936 Quod
281 862 334 919 est
352 857 480 921 ἑπιδύνει.
500 852 622 920 Semel
639 850 874 938 postponitur
889 849 1112 938 praepositio
1130 849 1269 917 nomini

155 967 192 1034 in
214 968 474 1058 epigrammate
495 989 570 1034 non
592 968 786 1034 admodum
808 976 909 1035 certo
932 969 990 1055 (V,
1011 969 1115 1057 209):

353 1127 403 1188 xo
420 1126 469 1204 μέν
484 1125 613 1206 evauno
628 1127 714 1205 γαίης
729 1126 809 1188 ἔπι...

155 1285 308 1372 Aliquot
331 1293 416 1352 sunt
437 1285 509 1352 loci
532 1285 595 1373 qui
618 1285 785 1353 nonnihil
808 1283 942 1353 insueti
965 1287 1136 1353 habeant.
1158 1285 1269 1354 Verbi

154 1401 272 1489 gratia
293 1400 500 1468 conseram:
530 1412 535 1419 '

199 1519 363 1606 Asclep.,
389 1517 441 1586 Ἐν
462 1529 523 1605 ἴσῳ,
548 1518 627 1602 XII,
653 1518 728 1587 163.
748 1521 803 1587 De
821 1522 961 1588 duabus
987 1522 1096 1588 rebus
1118 1541 1269 1606 quarum

154 1635 276 1723 fulgor
295 1635 479 1703 convenit.
504 1635 694 1703 Libentius
715 1636 887 1704 Atticista
904 1647 950 1706 ἴσα
970 1646 1137 1724 poneret.

205 1749 261 1818 'Ea
290 1759 372 1837 νέων,
406 1752 500 1835 XIII,
526 1751 582 1819 23.
617 1753 672 1818 De
701 1750 850 1839 juvene.
880 1751 1007 1819 Varias
1039 1749 1270 1837 conjecturas

156 1875 390 1934 tentaverunt
412 1867 481 1934 viri
505 1852 617 1935 docti.
643 1869 717 1936 Sed
740 1870 853 1935 verba
877 1889 954 1935 non
976 1867 1149 1935 mutanda
1170 1877 1267 1934 sunt.

149 1982 327 2068 Juvenum
351 1993 405 2050 est
426 1983 529 2070 quasi
552 2006 679 2051 manus
701 1995 737 2051 et
761 1994 919 2067 caterva,
944 1983 1047 2071 cujus
1068 2005 1152 2072 pars
1175 1983 1270 2051 filius

158 2097 312 2186 Botryis.
331 2098 393 2165 Sic
417 2100 623 2186 Aeschylus
647 2099 684 2166 in
709 2100 950 2188 Choephoris‚
976 2100 1058 2188 670,
1083 2099 1273 2186 usurpavit

156 2215 298 2294 Δαυλιεὺς
329 2219 361 2282 ἐκ
391 2216 531 2297 Φωκέων,
563 2226 598 2281 et
631 2215 819 2302 Polybiu8,
854 2217 913 2299 III,
947 2238 1004 2306 97,
1039 2238 1066 2298 1,
1101 2226 1125 2284 oi
1161 2221 1193 2283 ἐκ
1222 2232 1271 2299 τῆς

156 2335 326 2416 συγκλήτου.

206 2443 260 2525 Ἐξ
289 2446 393 2514 ἀνθέων
424 2455 563 2530 corallici,
591 2449 635 2529 V,
668 2446 744 2516 158.
780 2448 929 2516 Planius
957 2450 1150 2515 accederet
1179 2454 1271 2516 ἄνθεσι

155 2570 380 2646 πεποικιλμένον.
396 2562 467 2634 Sed
488 2565 724 2632 consentiunt
740 2587 820 2633 cum
833 2565 1054 2652 Asclepiade
1065 2565 1271 2652 Aeschylus

155 2675 193 2741 in
214 2677 348 2760 Persis,
370 2679 449 2767 376,
469 2689 504 2746 et
526 2680 730 2768 Sophocles
748 2681 785 2747 in
809 2680 966 2763 Electra,
985 2680 1031 2767 48
1046 2696 1070 2747 ¹.

206 2788 261 2871 Ἐξ
286 2801 388 2875 ὑμέων,
409 2794 488 2874 XII,
512 2794 587 2860 166.
607 2793 844 2861 Communius
860 2793 931 2884 παρ’
946 2804 1050 2878 ὑμέων.

205 2905 261 2973 Ἐκ
285 2915 401 2995 μητρός,
422 2909 499 2990 XII,
524 2910 600 2975 ιο5.
620 2910 648 2976 Ε
665 2909 804 2998 gremio
820 2909 878 2978 vel
896 2932 916 2976 e
933 2912 1041 2978 domo
1063 2910 1266 2999 genitricis.

199 3025 283 3111 Πρὸς
305 3031 369 3107 μίαν
389 3032 473 3112 θύραν
493 3030 650 3112 ἡσυχάσας,
673 3027 716 3107 V,
736 3025 811 3115 167.
833 3028 933 3093 Duas
955 3047 1012 3092 res
1033 3035 1144 3113 poeta
1164 3027 1270 3095 simul

155 3136 305 3218 indicat,
325 3158 471 3206 currere
491 3139 664 3206 amasium
687 3141 732 3207 ad
748 3140 897 3227 januam
918 3141 1062 3225 puellae
1079 3151 1189 3227 atque
1212 3140 1270 3208 hic

156 3252 398 3337 requiescere.
422 3252 477 3321 Ita
496 3254 703 3340 Aeschylus
726 3254 922 3343 (Choeph,
941 3259 1043 3345 904):

451 3412 526 3492 Πρές
540 3410 620 3472 αὐτὸν
636 3412 715 3473 τόνδε
729 3434 760 3473 σε
775 3409 873 3493 σφάξαι
889 3412 976 3474 θέλω.

155 3567 295 3635 Similia
317 3579 401 3636 sunt
425 3572 522 3657 apud
542 3569 781 3658 Posidippum
797 3596 814 3639 ι,

199 3686 254 3765 Εἰς
274 3693 310 3766 τί,
329 3686 424 3768 XVI,
445 3687 527 3775 275.
550 3686 648 3754 Cur?
664 3687 805 3755 Pariter
825 3689 969 3756 locutus
987 3698 1042 3757 est
1063 3689 1270 3777 Sophocles

155 3798 263 3885 (Oed.
283 3801 378 3884 Col,
399 3803 492 3887 524).
991 3829 993 3833 ’
1160 3830 1163 3835 ·

201 4011 221 4046 r.
239 3996 318 4046 Hunc
329 3997 357 4046 in
367 3997 471 4046 modum
483 4000 592 4047 fortasse
603 3999 668 4048 dixit
679 4000 849 4062 Asclepiades
860 4002 902 4063 (V,
920 4001 976 4068 189)
992 4019 997 4050 ι

402 4134 407 4155 ,
529 4084 686 4155 uolutnpbv...
701 4085 729 4139 ἐκ
740 4092 814 4157 πυρὸς
826 4092 924 4156 βέλος...

156 4188 259 4253 Sagitta
274 4203 340 4252 quae
356 4191 405 4239 fert
420 4191 537 4240 flammas
553 4199 629 4252 atque
644 4192 704 4241 ideo
720 4208 799 4242 saeva
819 4200 865 4244 est.
887 4195 939 4242 Sed
957 4196 1114 4257 conjecturis
1131 4197 1270 4261 indulgent

155 4265 205 4312 vlri
217 4264 299 4322 docti;
312 4267 345 4316 cf.
359 4266 497 4315 editionem
509 4268 662 4318 Parisinam.
