<?xml version="1.0" encoding="UTF-8"?>
<!DOCTYPE html PUBLIC "-//W3C//DTD XHTML 1.0 Transitional//EN"
    "http://www.w3.org/TR/xhtml1/DTD/xhtml1-transitional.dtd">
<html xmlns="http://www.w3.org/1999/xhtml" xml:lang="en" lang="en">
 <head>
  <title>
</title>
<meta http-equiv="Content-Type" content="text/html;charset=utf-8" />
  <meta name='ocr-system' content='tesseract 3.04.00' />
  <meta name='ocr-capabilities' content='ocr_page ocr_carea ocr_par ocr_line ocrx_word'/>
</head>
<body>
  <div class='ocr_page' id='page_1' title='image "./quaefuerintdice00ouvrgoog_0037.png"; bbox 0 0 2864 4868; ppageno 0'>
   <div class='ocr_carea' id='block_1_1' title="bbox 156 377 1085 458">
    <p class='ocr_par' dir='ltr' id='par_1_1' title="bbox 156 377 1085 458">
     <span class='ocr_line' id='line_1_1' title="bbox 156 377 1085 458; baseline -0.009 -12"><span class='ocrx_word' id='word_1_1' title='bbox 156 377 201 446; x_wconf 83' lang='lat'><strong>30</strong></span> <span class='ocrx_word' id='word_1_2' title='bbox 348 393 614 458; x_wconf 70' lang='lat' dir='ltr'><strong>asciscimus,</strong></span> <span class='ocrx_word' id='word_1_3' title='bbox 643 391 873 454; x_wconf 73' lang='lat' dir='ltr'><strong>rosrmmus,</strong></span> <span class='ocrx_word' id='word_1_4' title='bbox 899 391 1085 441; x_wconf 75' lang='lat' dir='ltr'><strong>ussurus.</strong></span> 
     </span>
    </p>
   </div>
   <div class='ocr_carea' id='block_1_2' title="bbox 144 533 1278 1316">
    <p class='ocr_par' dir='ltr' id='par_1_2' title="bbox 144 533 1278 1316">
     <span class='ocr_line' id='line_1_2' title="bbox 154 533 1273 624; baseline -0.005 -20"><span class='ocrx_word' id='word_1_5' title='bbox 154 536 356 624; x_wconf 84' lang='lat' dir='ltr'>Posidippo</span> <span class='ocrx_word' id='word_1_6' title='bbox 378 536 563 624; x_wconf 86' lang='lat' dir='ltr'>abjudicat</span> <span class='ocrx_word' id='word_1_7' title='bbox 577 537 785 604; x_wconf 87' lang='lat' dir='ltr'><strong>Knaackius</strong></span> <span class='ocrx_word' id='word_1_8' title='bbox 800 551 823 618; x_wconf 89' lang='lat'><strong>¹,</strong></span> <span class='ocrx_word' id='word_1_9' title='bbox 838 533 1051 617; x_wconf 81' lang='lat' dir='ltr'>rectissime,</span> <span class='ocrx_word' id='word_1_10' title='bbox 1066 542 1106 600; x_wconf 94' lang='lat' dir='ltr'><strong>ut</strong></span> <span class='ocrx_word' id='word_1_11' title='bbox 1124 554 1273 600; x_wconf 92' lang='lat' dir='ltr'><strong>censeo.</strong></span> 
     </span>
     <span class='ocr_line' id='line_1_3' title="bbox 154 648 1277 742; baseline -0.003 -23"><span class='ocrx_word' id='word_1_12' title='bbox 154 653 321 739; x_wconf 88' lang='lat' dir='ltr'><strong>Namque</strong></span> <span class='ocrx_word' id='word_1_13' title='bbox 359 654 397 720; x_wconf 94' lang='lat' dir='ltr'><strong>in</strong></span> <span class='ocrx_word' id='word_1_14' title='bbox 433 652 615 742; x_wconf 86' lang='lat' dir='ltr'><strong>florilegio</strong></span> <span class='ocrx_word' id='word_1_15' title='bbox 651 652 817 733; x_wconf 89' lang='lat' dir='ltr'><strong>Stobaei‚</strong></span> <span class='ocrx_word' id='word_1_16' title='bbox 859 659 998 717; x_wconf 92' lang='lat' dir='ltr'><strong>tantum</strong></span> <span class='ocrx_word' id='word_1_17' title='bbox 1038 648 1277 717; x_wconf 88' lang='lat' dir='ltr'><strong>inveniuntur</strong></span> 
     </span>
     <span class='ocr_line' id='line_1_4' title="bbox 154 763 1277 856; baseline -0.003 -23"><span class='ocrx_word' id='word_1_18' title='bbox 154 767 344 855; x_wconf 91' lang='lat' dir='ltr'><strong>Posidippi</strong></span> <span class='ocrx_word' id='word_1_19' title='bbox 368 769 499 835; x_wconf 93' lang='lat' dir='ltr'><strong>comici</strong></span> <span class='ocrx_word' id='word_1_20' title='bbox 526 778 710 856; x_wconf 86' lang='lat' dir='ltr'><strong>excerpta.</strong></span> <span class='ocrx_word' id='word_1_21' title='bbox 733 769 781 834; x_wconf 91' lang='lat' dir='ltr'><strong>Et</strong></span> <span class='ocrx_word' id='word_1_22' title='bbox 794 766 870 853; x_wconf 94' lang='lat' dir='ltr'><strong>jam</strong></span> <span class='ocrx_word' id='word_1_23' title='bbox 893 769 939 833; x_wconf 93' lang='lat' dir='ltr'><strong>ob</strong></span> <span class='ocrx_word' id='word_1_24' title='bbox 962 764 1127 832; x_wconf 87' lang='lat' dir='ltr'><strong>Platonis</strong></span> <span class='ocrx_word' id='word_1_25' title='bbox 1144 763 1277 832; x_wconf 93' lang='lat' dir='ltr'><strong>comici</strong></span> 
     </span>
     <span class='ocr_line' id='line_1_5' title="bbox 144 879 1277 969; baseline -0.001 -22"><span class='ocrx_word' id='word_1_26' title='bbox 144 902 302 969; x_wconf 86' lang='lat' dir='ltr'><strong>¹nomen,</strong></span> <span class='ocrx_word' id='word_1_27' title='bbox 322 880 589 968; x_wconf 89' lang='lat' dir='ltr'><strong>conjiciendum</strong></span> <span class='ocrx_word' id='word_1_28' title='bbox 607 893 703 950; x_wconf 90' lang='lat' dir='ltr'><strong>esset</strong></span> <span class='ocrx_word' id='word_1_29' title='bbox 720 882 758 949; x_wconf 94' lang='lat' dir='ltr'><strong>in</strong></span> <span class='ocrx_word' id='word_1_30' title='bbox 775 880 942 948; x_wconf 90' lang='lat' dir='ltr'><strong>Palatino</strong></span> <span class='ocrx_word' id='word_1_31' title='bbox 960 881 1115 947; x_wconf 91' lang='lat' dir='ltr'><strong>scribam</strong></span> <span class='ocrx_word' id='word_1_32' title='bbox 1132 900 1208 946; x_wconf 93' lang='lat' dir='ltr'><strong>non</strong></span> <span class='ocrx_word' id='word_1_33' title='bbox 1232 879 1277 946; x_wconf 94' lang='lat' dir='ltr'><strong>de</strong></span> 
     </span>
     <span class='ocr_line' id='line_1_6' title="bbox 156 996 1278 1084; baseline -0.002 -21"><span class='ocrx_word' id='word_1_34' title='bbox 156 996 355 1084; x_wconf 90' lang='lat' dir='ltr'>Posidippo</span> <span class='ocrx_word' id='word_1_35' title='bbox 372 998 621 1065; x_wconf 88' lang='lat' dir='ltr'><strong>Alexandrino</strong></span> <span class='ocrx_word' id='word_1_36' title='bbox 638 1000 800 1066; x_wconf 91' lang='lat' dir='ltr'><strong>locutum</strong></span> <span class='ocrx_word' id='word_1_37' title='bbox 813 997 936 1064; x_wconf 86' lang='lat' dir='ltr'><strong>fuisse.</strong></span> <span class='ocrx_word' id='word_1_38' title='bbox 951 996 1093 1064; x_wconf 87' lang='lat' dir='ltr'><strong>Addam</strong></span> <span class='ocrx_word' id='word_1_39' title='bbox 1109 998 1278 1064; x_wconf 86' lang='lat' dir='ltr'><strong>observa·</strong></span> 
     </span>
     <span class='ocr_line' id='line_1_7' title="bbox 156 1111 1278 1203; baseline -0.001 -24"><span class='ocrx_word' id='word_1_40' title='bbox 156 1111 275 1179; x_wconf 88' lang='lat' dir='ltr'><strong>tiones</strong></span> <span class='ocrx_word' id='word_1_41' title='bbox 291 1113 336 1180; x_wconf 92' lang='lat' dir='ltr'><strong>de</strong></span> <span class='ocrx_word' id='word_1_42' title='bbox 353 1111 522 1181; x_wconf 89' lang='lat' dir='ltr'><strong>dialecto.</strong></span> <span class='ocrx_word' id='word_1_43' title='bbox 545 1117 739 1201; x_wconf 87' lang='lat' dir='ltr'><strong>Nunquam</strong></span> <span class='ocrx_word' id='word_1_44' title='bbox 759 1123 887 1181; x_wconf 89' lang='lat' dir='ltr'><strong>noster</strong></span> <span class='ocrx_word' id='word_1_45' title='bbox 908 1142 948 1183; x_wconf 72' lang='grc' dir='ltr'><strong>οιο</strong></span> <span class='ocrx_word' id='word_1_46' title='bbox 973 1112 1011 1180; x_wconf 94' lang='lat' dir='ltr'><strong>in</strong></span> <span class='ocrx_word' id='word_1_47' title='bbox 1030 1111 1216 1203; x_wconf 82' lang='lat' dir='ltr'>genitivis,</span> <span class='ocrx_word' id='word_1_48' title='bbox 1241 1121 1278 1179; x_wconf 88' lang='lat' dir='ltr'><strong>et</strong></span> 
     </span>
     <span class='ocr_line' id='line_1_8' title="bbox 156 1227 708 1316; baseline 0.005 -23"><span class='ocrx_word' id='word_1_49' title='bbox 156 1227 290 1294; x_wconf 88' lang='lat' dir='ltr'><strong>formas</strong></span> <span class='ocrx_word' id='word_1_50' title='bbox 312 1237 353 1295; x_wconf 97' lang='lat' dir='ltr'><strong>ut</strong></span> <span class='ocrx_word' id='word_1_51' title='bbox 371 1232 486 1316; x_wconf 79' lang='grc' dir='ltr'>πρήξιες</span> <span class='ocrx_word' id='word_1_52' title='bbox 506 1229 708 1316; x_wconf 90' lang='lat' dir='ltr'><strong>usurpavit.</strong></span> 
     </span>
    </p>
   </div>
   <div class='ocr_carea' id='block_1_3' title="bbox 157 1457 1282 2819">
    <p class='ocr_par' dir='ltr' id='par_1_3' title="bbox 157 1457 1281 2010">
     <span class='ocr_line' id='line_1_9' title="bbox 200 1457 1278 1551; baseline -0.001 -25"><span class='ocrx_word' id='word_1_53' title='bbox 200 1460 275 1527; x_wconf 87' lang='grc' dir='ltr'><strong>ΑΡ.</strong></span> <span class='ocrx_word' id='word_1_54' title='bbox 308 1459 369 1543; x_wconf 89' lang='grc' dir='ltr'><strong>ΙΧ,</strong></span> <span class='ocrx_word' id='word_1_55' title='bbox 398 1462 463 1550; x_wconf 84' lang='lat'><strong>752</strong></span> <span class='ocrx_word' id='word_1_56' title='bbox 488 1463 559 1546; x_wconf 90' lang='lat' dir='ltr'><strong>(De</strong></span> <span class='ocrx_word' id='word_1_57' title='bbox 584 1461 705 1551; x_wconf 87' lang='lat' dir='ltr'><strong>sigillo</strong></span> <span class='ocrx_word' id='word_1_58' title='bbox 729 1461 976 1549; x_wconf 84' lang='lat' dir='ltr'><strong>Cleopatrae).</strong></span> <span class='ocrx_word' id='word_1_59' title='bbox 995 1460 1125 1542; x_wconf 91' lang='lat' dir='ltr'><strong>Palat.,</strong></span> <span class='ocrx_word' id='word_1_60' title='bbox 1151 1457 1278 1525; x_wconf 89' lang='lat' dir='ltr'><strong>Ascle-</strong></span> 
     </span>
     <span class='ocr_line' id='line_1_10' title="bbox 157 1573 1279 1663; baseline -0.004 -20"><span class='ocrx_word' id='word_1_61' title='bbox 157 1577 287 1663; x_wconf 89' lang='lat' dir='ltr'><strong>piadae</strong></span> <span class='ocrx_word' id='word_1_62' title='bbox 304 1576 363 1645; x_wconf 90' lang='lat' dir='ltr'><strong>vel</strong></span> <span class='ocrx_word' id='word_1_63' title='bbox 379 1575 567 1663; x_wconf 89' lang='lat' dir='ltr'>Antipatri</span> <span class='ocrx_word' id='word_1_64' title='bbox 581 1576 936 1660; x_wconf 84' lang='lat' dir='ltr'><strong>Thessalonicensis3</strong></span> <span class='ocrx_word' id='word_1_65' title='bbox 960 1577 1129 1656; x_wconf 91' lang='lat' dir='ltr'><strong>Planud.,</strong></span> <span class='ocrx_word' id='word_1_66' title='bbox 1151 1573 1279 1642; x_wconf 89' lang='lat' dir='ltr'><strong>Ascle·</strong></span> 
     </span>
     <span class='ocr_line' id='line_1_11' title="bbox 158 1690 1281 1780; baseline -0.002 -22"><span class='ocrx_word' id='word_1_67' title='bbox 158 1691 299 1779; x_wconf 91' lang='lat' dir='ltr'><strong>piadae.</strong></span> <span class='ocrx_word' id='word_1_68' title='bbox 319 1691 549 1758; x_wconf 82' lang='lat' dir='ltr'><strong>Brunckius2</strong></span> <span class='ocrx_word' id='word_1_69' title='bbox 568 1692 790 1780; x_wconf 84' lang='lat' dir='ltr'><strong>epigramma</strong></span> <span class='ocrx_word' id='word_1_70' title='bbox 805 1692 911 1780; x_wconf 92' lang='lat' dir='ltr'><strong>ponit</strong></span> <span class='ocrx_word' id='word_1_71' title='bbox 926 1691 1023 1759; x_wconf 90' lang='lat' dir='ltr'><strong>inter</strong></span> <span class='ocrx_word' id='word_1_72' title='bbox 1034 1690 1281 1777; x_wconf 86' lang='lat' dir='ltr'><strong>Asclepiadea</strong></span> 
     </span>
     <span class='ocr_line' id='line_1_12' title="bbox 158 1804 1279 1896; baseline -0.003 -23"><span class='ocrx_word' id='word_1_73' title='bbox 158 1808 354 1894; x_wconf 85' lang='lat' dir='ltr'><strong>(XXXIII).</strong></span> <span class='ocrx_word' id='word_1_74' title='bbox 375 1806 497 1874; x_wconf 90' lang='lat' dir='ltr'><strong>Samio</strong></span> <span class='ocrx_word' id='word_1_75' title='bbox 517 1828 593 1874; x_wconf 94' lang='lat' dir='ltr'><strong>non</strong></span> <span class='ocrx_word' id='word_1_76' title='bbox 612 1807 796 1894; x_wconf 87' lang='lat' dir='ltr'><strong>abjudicat</strong></span> <span class='ocrx_word' id='word_1_77' title='bbox 812 1807 1016 1896; x_wconf 91' lang='lat' dir='ltr'><strong>Jacobsius.</strong></span> <span class='ocrx_word' id='word_1_78' title='bbox 1035 1804 1279 1877; x_wconf 88' lang='lat' dir='ltr'><strong>Subditicium</strong></span> 
     </span>
     <span class='ocr_line' id='line_1_13' title="bbox 159 1922 689 2010; baseline 0.006 -23"><span class='ocrx_word' id='word_1_79' title='bbox 159 1923 367 1990; x_wconf 91' lang='lat' dir='ltr'><strong>Knaackius</strong></span> <span class='ocrx_word' id='word_1_80' title='bbox 387 1922 424 1990; x_wconf 92' lang='lat' dir='ltr'><strong>id</strong></span> <span class='ocrx_word' id='word_1_81' title='bbox 446 1945 525 1991; x_wconf 88' lang='lat' dir='ltr'><strong>esse</strong></span> <span class='ocrx_word' id='word_1_82' title='bbox 546 1932 650 2010; x_wconf 89' lang='lat' dir='ltr'><strong>putat</strong></span> <span class='ocrx_word' id='word_1_83' title='bbox 663 1922 689 1990; x_wconf 78' lang='lat'><strong>3.</strong></span> 
     </span>
    </p>

    <p class='ocr_par' dir='ltr' id='par_1_4' title="bbox 159 2034 1282 2819">
     <span class='ocr_line' id='line_1_14' title="bbox 197 2034 1281 2125; baseline -0.002 -22"><span class='ocrx_word' id='word_1_84' title='bbox 197 2037 407 2122; x_wconf 89' lang='lat' dir='ltr'><strong>Jacobsium</strong></span> <span class='ocrx_word' id='word_1_85' title='bbox 438 2059 588 2125; x_wconf 90' lang='lat' dir='ltr'><strong>sequor;</strong></span> <span class='ocrx_word' id='word_1_86' title='bbox 624 2038 822 2125; x_wconf 90' lang='lat' dir='ltr'><strong>Cleopatra</strong></span> <span class='ocrx_word' id='word_1_87' title='bbox 848 2037 1003 2106; x_wconf 88' lang='lat' dir='ltr'><strong>fortasse</strong></span> <span class='ocrx_word' id='word_1_88' title='bbox 1032 2047 1087 2104; x_wconf 92' lang='lat' dir='ltr'><strong>est</strong></span> <span class='ocrx_word' id='word_1_89' title='bbox 1112 2036 1176 2103; x_wconf 92' lang='lat' dir='ltr'><strong>illa</strong></span> <span class='ocrx_word' id='word_1_90' title='bbox 1200 2034 1281 2102; x_wconf 91' lang='lat' dir='ltr'><strong>Phi·</strong></span> 
     </span>
     <span class='ocr_line' id='line_1_15' title="bbox 160 2152 1278 2242; baseline 0 -24"><span class='ocrx_word' id='word_1_91' title='bbox 160 2153 251 2241; x_wconf 91' lang='lat' dir='ltr'><strong>lippi</strong></span> <span class='ocrx_word' id='word_1_92' title='bbox 273 2152 348 2220; x_wconf 88' lang='lat' dir='ltr'><strong>filia</strong></span> <span class='ocrx_word' id='word_1_93' title='bbox 366 2175 460 2241; x_wconf 86' lang='lat' dir='ltr'><strong>quac</strong></span> <span class='ocrx_word' id='word_1_94' title='bbox 477 2152 575 2221; x_wconf 89' lang='lat' dir='ltr'><strong>circa</strong></span> <span class='ocrx_word' id='word_1_95' title='bbox 587 2154 774 2242; x_wconf 85' lang='lat' dir='ltr'><strong>Aegaeum</strong></span> <span class='ocrx_word' id='word_1_96' title='bbox 794 2176 892 2222; x_wconf 88' lang='lat' dir='ltr'><strong>mare</strong></span> <span class='ocrx_word' id='word_1_97' title='bbox 912 2153 1103 2240; x_wconf 90' lang='lat' dir='ltr'><strong>plurimum</strong></span> <span class='ocrx_word' id='word_1_98' title='bbox 1121 2161 1278 2234; x_wconf 88' lang='lat' dir='ltr'><strong>versata,</strong></span> 
     </span>
     <span class='ocr_line' id='line_1_16' title="bbox 159 2267 1280 2356; baseline -0.001 -22"><span class='ocrx_word' id='word_1_99' title='bbox 159 2288 255 2334; x_wconf 91' lang='lat' dir='ltr'><strong>anno</strong></span> <span class='ocrx_word' id='word_1_100' title='bbox 275 2267 343 2335; x_wconf 80' lang='lat'><strong>308</strong></span> <span class='ocrx_word' id='word_1_101' title='bbox 360 2268 455 2335; x_wconf 92' lang='lat' dir='ltr'><strong>diem</strong></span> <span class='ocrx_word' id='word_1_102' title='bbox 473 2269 566 2336; x_wconf 91' lang='lat' dir='ltr'><strong>obiit</strong></span> <span class='ocrx_word' id='word_1_103' title='bbox 576 2283 604 2352; x_wconf 88' lang='lat'><strong>4,</strong></span> <span class='ocrx_word' id='word_1_104' title='bbox 624 2278 659 2336; x_wconf 95' lang='lat' dir='ltr'><strong>et</strong></span> <span class='ocrx_word' id='word_1_105' title='bbox 677 2268 782 2337; x_wconf 88' lang='lat' dir='ltr'><strong>facile</strong></span> <span class='ocrx_word' id='word_1_106' title='bbox 806 2269 1022 2337; x_wconf 90' lang='lat' dir='ltr'><strong>crediderim</strong></span> <span class='ocrx_word' id='word_1_107' title='bbox 1039 2267 1280 2356; x_wconf 91' lang='lat' dir='ltr'><strong>Posidippum</strong></span> 
     </span>
     <span class='ocr_line' id='line_1_17' title="bbox 160 2385 1282 2473; baseline 0.001 -24"><span class='ocrx_word' id='word_1_108' title='bbox 160 2385 327 2471; x_wconf 86' lang='lat' dir='ltr'><strong>exemplo</strong></span> <span class='ocrx_word' id='word_1_109' title='bbox 344 2385 507 2472; x_wconf 85' lang='lat' dir='ltr'><strong>magistri</strong></span> <span class='ocrx_word' id='word_1_110' title='bbox 520 2385 757 2469; x_wconf 87' lang='lat' dir='ltr'><strong>concitatum,</strong></span> <span class='ocrx_word' id='word_1_111' title='bbox 773 2388 818 2453; x_wconf 93' lang='lat' dir='ltr'><strong>de</strong></span> <span class='ocrx_word' id='word_1_112' title='bbox 832 2385 953 2473; x_wconf 90' lang='lat' dir='ltr'><strong>lapide</strong></span> <span class='ocrx_word' id='word_1_113' title='bbox 967 2385 1130 2473; x_wconf 92' lang='lat' dir='ltr'><strong>pretioso</strong></span> <span class='ocrx_word' id='word_1_114' title='bbox 1148 2405 1282 2471; x_wconf 91' lang='lat' dir='ltr'><strong>poema</strong></span> 
     </span>
     <span class='ocr_line' id='line_1_18' title="bbox 160 2500 1281 2592; baseline -0.001 -26"><span class='ocrx_word' id='word_1_115' title='bbox 160 2500 411 2587; x_wconf 90' lang='lat' dir='ltr'><strong>composuisse</strong></span> <span class='ocrx_word' id='word_1_116' title='bbox 432 2500 524 2586; x_wconf 90' lang='lat' dir='ltr'><strong>(AC.</strong></span> <span class='ocrx_word' id='word_1_117' title='bbox 544 2503 604 2585; x_wconf 91' lang='lat' dir='ltr'><strong>III,</strong></span> <span class='ocrx_word' id='word_1_118' title='bbox 632 2505 703 2592; x_wconf 80' lang='lat'><strong>79).</strong></span> <span class='ocrx_word' id='word_1_119' title='bbox 729 2502 822 2568; x_wconf 89' lang='lat' dir='ltr'><strong>Mire</strong></span> <span class='ocrx_word' id='word_1_120' title='bbox 845 2510 1054 2591; x_wconf 87' lang='lat' dir='ltr'><strong>congruunt</strong></span> <span class='ocrx_word' id='word_1_121' title='bbox 1076 2500 1114 2566; x_wconf 94' lang='lat' dir='ltr'><strong>in</strong></span> <span class='ocrx_word' id='word_1_122' title='bbox 1137 2500 1281 2566; x_wconf 90' lang='lat' dir='ltr'><strong>duobus</strong></span> 
     </span>
     <span class='ocr_line' id='line_1_19' title="bbox 161 2614 1282 2706; baseline 0.003 -26"><span class='ocrx_word' id='word_1_123' title='bbox 161 2614 383 2682; x_wconf 90' lang='lat' dir='ltr'><strong>carminibus</strong></span> <span class='ocrx_word' id='word_1_124' title='bbox 405 2618 601 2684; x_wconf 87' lang='lat' dir='ltr'><strong>verborum</strong></span> <span class='ocrx_word' id='word_1_125' title='bbox 624 2617 884 2704; x_wconf 90' lang='lat' dir='ltr'><strong>repetitiones:</strong></span> <span class='ocrx_word' id='word_1_126' title='bbox 907 2625 1036 2706; x_wconf 75' lang='grc' dir='ltr'>γλύμμα,</span> <span class='ocrx_word' id='word_1_127' title='bbox 1059 2623 1222 2704; x_wconf 59' lang='lat' dir='ltr'><strong>«festapum</strong></span> <span class='ocrx_word' id='word_1_128' title='bbox 1237 2653 1282 2664; x_wconf 86' lang='lat'><em>-</em></span> 
     </span>
     <span class='ocr_line' id='line_1_20' title="bbox 159 2733 603 2819; baseline 0.007 -24"><span class='ocrx_word' id='word_1_129' title='bbox 159 2733 278 2817; x_wconf 73' lang='grc' dir='ltr'>γλυφὲν,</span> <span class='ocrx_word' id='word_1_130' title='bbox 299 2735 449 2818; x_wconf 75' lang='grc' dir='ltr'>ἐγλύφετο,</span> <span class='ocrx_word' id='word_1_131' title='bbox 473 2738 603 2819; x_wconf 74' lang='grc' dir='ltr'><strong>γλύμμα.</strong></span> 
     </span>
    </p>
   </div>
   <div class='ocr_carea' id='block_1_4' title="bbox 161 2960 1282 3280">
    <p class='ocr_par' dir='ltr' id='par_1_5' title="bbox 161 2960 1282 3280">
     <span class='ocr_line' id='line_1_21' title="bbox 204 2960 1282 3052; baseline 0.001 -25"><span class='ocrx_word' id='word_1_132' title='bbox 204 2960 281 3028; x_wconf 90' lang='grc' dir='ltr'><strong>ΑΡ.</strong></span> <span class='ocrx_word' id='word_1_133' title='bbox 308 2960 370 3044; x_wconf 87' lang='grc' dir='ltr'><strong>ΙΧ,</strong></span> <span class='ocrx_word' id='word_1_134' title='bbox 396 2961 476 3050; x_wconf 80' lang='lat'><strong>762.</strong></span> <span class='ocrx_word' id='word_1_135' title='bbox 502 2962 736 3052; x_wconf 89' lang='lat' dir='ltr'><strong>Epigramma</strong></span> <span class='ocrx_word' id='word_1_136' title='bbox 759 2974 814 3032; x_wconf 90' lang='lat' dir='ltr'><strong>est</strong></span> <span class='ocrx_word' id='word_1_137' title='bbox 841 2964 1003 3033; x_wconf 89' lang='lat' dir='ltr'><strong>Ablabii.</strong></span> <span class='ocrx_word' id='word_1_138' title='bbox 1029 2965 1070 3030; x_wconf 92' lang='lat' dir='ltr'><strong>In</strong></span> <span class='ocrx_word' id='word_1_139' title='bbox 1094 2963 1282 3030; x_wconf 89' lang='lat' dir='ltr'><strong>Planudea</strong></span> 
     </span>
     <span class='ocr_line' id='line_1_22' title="bbox 161 3076 1281 3167; baseline 0.001 -25"><span class='ocrx_word' id='word_1_140' title='bbox 161 3084 281 3143; x_wconf 88' lang='lat' dir='ltr'><strong>autem</strong></span> <span class='ocrx_word' id='word_1_141' title='bbox 318 3077 491 3145; x_wconf 91' lang='lat' dir='ltr'><strong>tribuitur</strong></span> <span class='ocrx_word' id='word_1_142' title='bbox 524 3078 777 3167; x_wconf 89' lang='lat' dir='ltr'><strong>Asclepiadae,</strong></span> <span class='ocrx_word' id='word_1_143' title='bbox 817 3103 940 3149; x_wconf 89' lang='lat' dir='ltr'><strong>errore</strong></span> <span class='ocrx_word' id='word_1_144' title='bbox 976 3078 1180 3162; x_wconf 87' lang='lat' dir='ltr'><strong>manifesto,</strong></span> <span class='ocrx_word' id='word_1_145' title='bbox 1219 3076 1281 3164; x_wconf 93' lang='lat' dir='ltr'><strong>qui</strong></span> 
     </span>
     <span class='ocr_line' id='line_1_23' title="bbox 162 3193 1046 3280; baseline 0.003 -22"><span class='ocrx_word' id='word_1_146' title='bbox 162 3201 264 3259; x_wconf 90' lang='lat' dir='ltr'><strong>ortus</strong></span> <span class='ocrx_word' id='word_1_147' title='bbox 284 3201 339 3258; x_wconf 91' lang='lat' dir='ltr'><strong>est</strong></span> <span class='ocrx_word' id='word_1_148' title='bbox 362 3213 381 3259; x_wconf 95' lang='lat' dir='ltr'><strong>e</strong></span> <span class='ocrx_word' id='word_1_149' title='bbox 403 3193 597 3262; x_wconf 88' lang='lat' dir='ltr'><strong>lemmate:</strong></span> <span class='ocrx_word' id='word_1_150' title='bbox 623 3198 678 3277; x_wconf 78' lang='grc' dir='ltr'><strong>Εἰς</strong></span> <span class='ocrx_word' id='word_1_151' title='bbox 701 3205 794 3265; x_wconf 72' lang='grc' dir='ltr'>δίσκον</span> <span class='ocrx_word' id='word_1_152' title='bbox 822 3195 1046 3280; x_wconf 55' lang='grc' dir='ltr'><strong>Ἀσκληπιάδου.</strong></span> 
     </span>
    </p>
   </div>
   <div class='ocr_carea' id='block_1_5' title="bbox 161 3413 1282 3743">
    <p class='ocr_par' dir='ltr' id='par_1_6' title="bbox 161 3413 1282 3743">
     <span class='ocr_line' id='line_1_24' title="bbox 205 3413 1278 3516; baseline -0.001 -23"><span class='ocrx_word' id='word_1_153' title='bbox 205 3422 280 3493; x_wconf 80' lang='grc' dir='ltr'><strong>ΑΡ.</strong></span> <span class='ocrx_word' id='word_1_154' title='bbox 315 3425 377 3508; x_wconf 89' lang='lat' dir='ltr'><strong>XI,</strong></span> <span class='ocrx_word' id='word_1_155' title='bbox 416 3425 477 3494; x_wconf 82' lang='lat'><strong>123</strong></span> <span class='ocrx_word' id='word_1_156' title='bbox 511 3413 581 3515; x_wconf 85' lang='lat' dir='ltr'><strong>(De</strong></span> <span class='ocrx_word' id='word_1_157' title='bbox 612 3449 725 3515; x_wconf 87' lang='lat' dir='ltr'><strong>pravo</strong></span> <span class='ocrx_word' id='word_1_158' title='bbox 756 3427 898 3495; x_wconf 90' lang='lat' dir='ltr'><strong>medico</strong></span> <span class='ocrx_word' id='word_1_159' title='bbox 930 3427 1075 3516; x_wconf 88' lang='lat' dir='ltr'><strong>Agide).</strong></span> <span class='ocrx_word' id='word_1_160' title='bbox 1109 3426 1278 3510; x_wconf 84' lang='lat' dir='ltr'><strong>Palatin,</strong></span> 
     </span>
     <span class='ocr_line' id='line_1_25' title="bbox 161 3537 1279 3631; baseline 0.004 -28"><span class='ocrx_word' id='word_1_161' title='bbox 161 3537 307 3625; x_wconf 92' lang='lat' dir='ltr'><strong>Hedyli.</strong></span> <span class='ocrx_word' id='word_1_162' title='bbox 327 3540 425 3626; x_wconf 85' lang='lat' dir='ltr'><strong>Quid</strong></span> <span class='ocrx_word' id='word_1_163' title='bbox 442 3544 539 3627; x_wconf 90' lang='lat' dir='ltr'><strong>apud</strong></span> <span class='ocrx_word' id='word_1_164' title='bbox 560 3543 987 3631; x_wconf 81' lang='lat' dir='ltr'><strong>Planudenmscriptum</strong></span> <span class='ocrx_word' id='word_1_165' title='bbox 1009 3542 1119 3610; x_wconf 86' lang='lat' dir='ltr'><strong>fuerit</strong></span> <span class='ocrx_word' id='word_1_166' title='bbox 1135 3542 1279 3631; x_wconf 87' lang='lat' dir='ltr'><strong>ignoro.</strong></span> 
     </span>
     <span class='ocr_line' id='line_1_26' title="bbox 161 3652 1282 3743; baseline 0.004 -26"><span class='ocrx_word' id='word_1_167' title='bbox 161 3652 283 3721; x_wconf 91' lang='lat' dir='ltr'><strong>Editio</strong></span> <span class='ocrx_word' id='word_1_168' title='bbox 317 3656 433 3741; x_wconf 92' lang='lat' dir='ltr'><strong>prima</strong></span> <span class='ocrx_word' id='word_1_169' title='bbox 459 3658 522 3723; x_wconf 85' lang='lat' dir='ltr'><strong>dat</strong></span> <span class='ocrx_word' id='word_1_170' title='bbox 544 3665 661 3743; x_wconf 71' lang='grc' dir='ltr'>ἄδηλον,</span> <span class='ocrx_word' id='word_1_171' title='bbox 694 3662 758 3727; x_wconf 91' lang='lat' dir='ltr'><strong>sed</strong></span> <span class='ocrx_word' id='word_1_172' title='bbox 791 3659 926 3743; x_wconf 88' lang='lat' dir='ltr'><strong>forsan,</strong></span> <span class='ocrx_word' id='word_1_173' title='bbox 955 3668 994 3725; x_wconf 94' lang='lat' dir='ltr'><strong>ut</strong></span> <span class='ocrx_word' id='word_1_174' title='bbox 1027 3657 1282 3726; x_wconf 89' lang='lat' dir='ltr'><strong>animadvertit</strong></span> 
     </span>
    </p>
   </div>
   <div class='ocr_carea' id='block_1_6' title="bbox 202 3867 1196 4015">
    <p class='ocr_par' dir='ltr' id='par_1_7' title="bbox 202 3867 1196 4015">
     <span class='ocr_line' id='line_1_27' title="bbox 206 3867 603 3931; baseline 0.008 -15"><span class='ocrx_word' id='word_1_175' title='bbox 206 3881 228 3916; x_wconf 89' lang='lat'><strong>1.</strong></span> <span class='ocrx_word' id='word_1_176' title='bbox 246 3867 315 3924; x_wconf 66' lang='lat' dir='ltr'><strong>AL„</strong></span> <span class='ocrx_word' id='word_1_177' title='bbox 327 3874 346 3919; x_wconf 87' lang='lat' dir='ltr'><strong>t.</strong></span> <span class='ocrx_word' id='word_1_178' title='bbox 360 3869 392 3925; x_wconf 89' lang='lat'><strong>11,</strong></span> <span class='ocrx_word' id='word_1_179' title='bbox 406 3886 432 3931; x_wconf 88' lang='lat' dir='ltr'><strong>p.</strong></span> <span class='ocrx_word' id='word_1_180' title='bbox 449 3869 508 3927; x_wconf 85' lang='lat'><strong>532,</strong></span> <span class='ocrx_word' id='word_1_181' title='bbox 521 3886 545 3919; x_wconf 86' lang='lat' dir='ltr'><strong>a.</strong></span> <span class='ocrx_word' id='word_1_182' title='bbox 559 3868 603 3922; x_wconf 83' lang='grc'><strong>68.</strong></span> 
     </span>
     <span class='ocr_line' id='line_1_28' title="bbox 202 3944 1196 4015; baseline 0.012 -25"><span class='ocrx_word' id='word_1_183' title='bbox 202 3957 228 3990; x_wconf 84' lang='lat'><strong>2.</strong></span> <span class='ocrx_word' id='word_1_184' title='bbox 246 3944 411 4006; x_wconf 80' lang='lat' dir='ltr'><strong>Anthologia</strong></span> <span class='ocrx_word' id='word_1_185' title='bbox 419 3961 534 4006; x_wconf 80' lang='lat' dir='ltr'><strong>graeca,</strong></span> <span class='ocrx_word' id='word_1_186' title='bbox 548 3953 566 3995; x_wconf 90' lang='lat' dir='ltr'><strong>t.</strong></span> <span class='ocrx_word' id='word_1_187' title='bbox 580 3948 629 3995; x_wconf 91' lang='lat' dir='ltr'><strong>VII</strong></span> <span class='ocrx_word' id='word_1_188' title='bbox 641 3950 914 4008; x_wconf 57' lang='lat' dir='ltr'><strong>(Animadversionem</strong></span> <span class='ocrx_word' id='word_1_189' title='bbox 928 3958 946 3999; x_wconf 92' lang='lat' dir='ltr'><strong>t.</strong></span> <span class='ocrx_word' id='word_1_190' title='bbox 959 3952 1002 4015; x_wconf 90' lang='lat' dir='ltr'><strong>Il),</strong></span> <span class='ocrx_word' id='word_1_191' title='bbox 1014 3968 1040 4013; x_wconf 91' lang='lat' dir='ltr'><strong>p.</strong></span> <span class='ocrx_word' id='word_1_192' title='bbox 1055 3950 1097 4014; x_wconf 85' lang='lat'><strong>54.</strong></span> <span class='ocrx_word' id='word_1_193' title='bbox 1194 3947 1196 3951; x_wconf 67' lang='grc'><strong>’</strong></span> 
     </span>
    </p>
   </div>
   <div class='ocr_carea' id='block_1_7' title="bbox 163 4015 1281 4149">
    <p class='ocr_par' dir='ltr' id='par_1_8' title="bbox 163 4015 1281 4149">
     <span class='ocr_line' id='line_1_29' title="bbox 163 4015 1281 4142; baseline 0.007 -76"><span class='ocrx_word' id='word_1_194' title='bbox 163 4015 326 4142; x_wconf 69' lang='lat' dir='ltr'><strong>IX3.5Wohl</strong></span> <span class='ocrx_word' id='word_1_195' title='bbox 345 4020 451 4076; x_wconf 81' lang='lat' dir='ltr'><strong>un&#39;acht,</strong></span> <span class='ocrx_word' id='word_1_196' title='bbox 466 4021 533 4079; x_wconf 66' lang='lat' dir='ltr'><strong>AL„</strong></span> <span class='ocrx_word' id='word_1_197' title='bbox 552 4029 571 4071; x_wconf 90' lang='lat' dir='ltr'><strong>t.</strong></span> <span class='ocrx_word' id='word_1_198' title='bbox 591 4024 624 4086; x_wconf 86' lang='lat'><strong>11,</strong></span> <span class='ocrx_word' id='word_1_199' title='bbox 643 4040 668 4085; x_wconf 86' lang='lat' dir='ltr'><strong>p.</strong></span> <span class='ocrx_word' id='word_1_200' title='bbox 686 4024 745 4081; x_wconf 85' lang='lat'><strong>525,</strong></span> <span class='ocrx_word' id='word_1_201' title='bbox 761 4040 785 4072; x_wconf 89' lang='lat' dir='ltr'><strong>a.</strong></span> <span class='ocrx_word' id='word_1_202' title='bbox 801 4023 846 4081; x_wconf 81' lang='lat'><strong>35;</strong></span> <span class='ocrx_word' id='word_1_203' title='bbox 870 4027 915 4074; x_wconf 92' lang='lat' dir='ltr'><strong>ubi</strong></span> <span class='ocrx_word' id='word_1_204' title='bbox 933 4042 979 4089; x_wconf 87' lang='lat' dir='ltr'><strong>per</strong></span> <span class='ocrx_word' id='word_1_205' title='bbox 996 4041 1108 4076; x_wconf 85' lang='lat' dir='ltr'><strong>errorem</strong></span> <span class='ocrx_word' id='word_1_206' title='bbox 1128 4026 1281 4088; x_wconf 84' lang='lat' dir='ltr'><strong>inscriptum</strong></span> 
     </span>
     <span class='ocr_line' id='line_1_30' title="bbox 201 4108 280 4149; baseline 0.013 -8"><span class='ocrx_word' id='word_1_207' title='bbox 201 4108 227 4149; x_wconf 85' lang='lat'><strong>,1</strong></span> <span class='ocrx_word' id='word_1_208' title='bbox 254 4109 280 4142; x_wconf 89' lang='lat'><strong>2.</strong></span> 
     </span>
    </p>
   </div>
   <div class='ocr_carea' id='block_1_8' title="bbox 161 4170 1280 4310">
    <p class='ocr_par' dir='ltr' id='par_1_9' title="bbox 161 4170 1280 4310">
     <span class='ocr_line' id='line_1_31' title="bbox 161 4170 1280 4296; baseline 0.01 -80"><span class='ocrx_word' id='word_1_209' title='bbox 161 4250 171 4290; x_wconf 59' lang='lat' dir='ltr'><strong>t</strong></span> <span class='ocrx_word' id='word_1_210' title='bbox 199 4184 236 4291; x_wconf 58' lang='lat'>141}</span> <span class='ocrx_word' id='word_1_211' title='bbox 247 4170 289 4217; x_wconf 82' lang='lat' dir='ltr'><strong>cf.</strong></span> <span class='ocrx_word' id='word_1_212' title='bbox 306 4170 436 4296; x_wconf 56' lang='grc' dir='ltr'><strong>ἓτογεοη,</strong></span> <span class='ocrx_word' id='word_1_213' title='bbox 455 4175 579 4224; x_wconf 80' lang='lat' dir='ltr'><strong>Histoire</strong></span> <span class='ocrx_word' id='word_1_214' title='bbox 594 4177 625 4223; x_wconf 85' lang='lat' dir='ltr'><strong>de</strong></span> <span class='ocrx_word' id='word_1_215' title='bbox 642 4177 839 4233; x_wconf 81' lang='lat' dir='ltr'><strong>l&#39;Helle&#39;nisme,</strong></span> <span class='ocrx_word' id='word_1_216' title='bbox 859 4178 1007 4228; x_wconf 89' lang='lat' dir='ltr'><strong>traduction</strong></span> <span class='ocrx_word' id='word_1_217' title='bbox 1025 4179 1280 4241; x_wconf 71' lang='lat' dir='ltr'><strong>Bouche·Leclcrcq‚</strong></span> 
     </span>
     <span class='ocr_line' id='line_1_32' title="bbox 175 4260 367 4310; baseline 0.026 -20"><span class='ocrx_word' id='word_1_218' title='bbox 175 4278 180 4290; x_wconf 96' lang='lat'><strong>.</strong></span> <span class='ocrx_word' id='word_1_219' title='bbox 238 4260 287 4306; x_wconf 92' lang='lat' dir='ltr'><strong>,p.</strong></span> <span class='ocrx_word' id='word_1_220' title='bbox 326 4263 367 4310; x_wconf 81' lang='lat'><strong>7¹·</strong></span> 
     </span>
    </p>
   </div>
   <div class='ocr_carea' id='block_1_9' title="bbox 0 0 1447 4868">
    <p class='ocr_par' dir='ltr' id='par_1_10' title="bbox 0 0 1447 4868">
     <span class='ocr_line' id='line_1_33' title="bbox 0 0 1447 4868; baseline 0 0"><span class='ocrx_word' id='word_1_221' title='bbox 0 0 1447 4868; x_wconf 95' lang='lat' dir='ltr'><strong> </strong></span> 
     </span>
    </p>
   </div>
  </div>
 </body>
</html>
