2864 4868
156 348 199 417 56
346 365 609 427 ASCLEPIADES,
637 362 866 426 POSIDIPPUS,
892 359 1079 417 HEDYLUS.

574 760 622 809 DE
651 756 846 810 GENITlVO.

197 973 390 1042 Genitivus
422 968 650 1058 possessivus
677 965 890 1054 saepissime
923 973 1131 1053 usurpatur,
1167 975 1204 1035 et
1234 966 1269 1034 in

153 1088 397 1178 peculiaribus
414 1086 630 1174 quibusdam
644 1080 980 1169 conjunctionibus.
996 1081 1161 1167 Quarum
1175 1085 1271 1151 bona

153 1226 237 1291 pars
259 1214 314 1270 est
336 1204 432 1289 apud
453 1201 717 1288 Asclepiaden:
769 1278 782 1301 ⁹

197 1323 295 1400 Βέλος
309 1322 453 1407 Κύπριδος
466 1325 610 1400 πανδήμου
623 1315 717 1402 (XII,
738 1313 830 1398 161);
846 1321 930 1382 ύνθεοι
943 1323 1054 1396 πειθοῦς
1066 1314 1160 1401 (XII,
1180 1315 1269 1400 163);

150 1445 264 1523 κέντρον
284 1441 371 1514 ποδός
387 1434 445 1519 (V,
466 1431 565 1515 203);
584 1440 661 1514 πομοι
679 1433 798 1517 Βάκχου
814 1428 909 1515 (XII,
932 1430 1002 1514 50).
1018 1431 1101 1497 Duo
1120 1451 1272 1498 connec-

155 1560 281 1617 tuntur
303 1549 340 1615 in
366 1551 424 1635 (V,
455 1547 533 1632 153)
559 1550 749 1634 Κλεοφῶντος
775 1553 939 1629 βλέμματος
970 1545 1132 1634 ύιστεροτττιί.
1164 1547 1272 1633 Quod

152 1665 306 1752 primum
335 1684 410 1730 non
436 1663 588 1729 multum
613 1663 745 1748 placet,
774 1663 839 1728 sed
863 1662 983 1728 acrius
1011 1662 1170 1730 intuenti
1202 1665 1272 1731 lan·

152 1780 255 1870 guidi
273 1778 441 1846 nonnihil
457 1779 559 1845 affert
574 1786 684 1864 atque
701 1776 832 1844 teneri.
854 1776 1047 1844 Difficilius
1058 1777 1152 1864 (XII,
1173 1777 1269 1863 162):

660 1947 855 2028 Φιλοκράτεος
870 1945 901 2007 δὲ
915 1947 1037 2008 Διοιύλου

390 2045 539 2126 Τροιυλίζει
554 2048 646 2124 ψυχῆς
660 2046 764 2127 ρίλτροι
778 2044 825 2106 καὶ
847 2041 1031 2124 Ἀντιγένους.

196 2242 289 2307 Puto
311 2252 403 2327 ψυχῆς
424 2248 460 2308 et
482 2243 679 2329 Φιλοκράτεος
695 2240 833 2327 pariter
849 2243 894 2308 ad
911 2249 1011 2331 ρίλτρο
1031 2241 1169 2310 referri.
1189 2245 1272 2312 Ver·

153 2365 229 2422 tere
253 2364 420 2443 oportet:
449 2353 665 2421 Philocratis
688 2364 725 2422 et
747 2356 921 2444 Antigeni
944 2357 1119 2424 amatoria
1141 2359 1274 2446 pocula

153 2493 244 2557 quae
265 2470 405 2537 animos
426 2478 675 2552 commovent;
696 2480 789 2557 ψυχῆς
807 2471 962 2538 fortasse
980 2473 1188 2540 habendum
1205 2495 1272 2561 pro

152 2587 316 2675 genitivo
337 2586 484 2672 objecti.

196 2701 306 2786 Apud
332 2699 568 2786 Posidippum
594 2700 808 2768 invenio...:
834 2705 920 2785 ἰκμὰς
943 2704 1062 2790 Βάκχου
1088 2706 1146 2789 (V,
1174 2703 1270 2790 134);

151 2817 284 2904 ἀνθρυιιιιὴ
307 2818 452 2903 Κύπριδος
474 2816 532 2900 (V,
559 2810 655 2899 21'1‘);
681 2819 806 2885 Μουσῶν
829 2821 916 2897 τέττιξ
939 2816 1032 2904 (XII,
1062 2816 1139 2904 98);
1167 2822 1272 2908 Συρίης

152 2935 271 3000 δάπεδον
298 2930 391 3016 (XII,
425 2929 517 3013 131);
549 2938 658 3010 σελίδες
680 2935 754 3014 ὥδης
775 2931 872 3017 (AC.
897 2933 956 3015 ΙΙΙ,
987 2934 1063 3022 77),
1092 2953 1167 3001 non
1193 2934 1271 3002 sine

152 3067 285 3134 magna
309 3044 462 3112 audacia
487 3043 680 3132 significat.
710 3046 901 3136 «Paginae
929 3047 966 3114 in
994 3048 1125 3134 quibus
1146 3050 1270 3136 hymni

152 3160 319 3247 inscripti
341 3169 469 3227 sunt.»

198 3276 238 3341 In
254 3274 389 3360 Hedyli
407 3276 628 3346 carminibus
646 3297 762 3364 pauca
776 3285 860 3343 sunt
878 3277 1011 3363 quibus
1028 3280 1269 3349 attendamus.

153 3391 326 3458 Attamen
349 3391 530 3477 exquisite
552 3393 688 3459 dictum
707 3392 774 3459 fuit
790 3398 900 3481 λάφυρα
918 3403 1011 3462 πίθων
1027 3396 1086 3481 (V,
1108 3399 1198 3487 199).
1217 3398 1271 3464 De

153 3505 280 3591 spoliis
304 3506 426 3594 agitur
450 3506 585 3594 ereptis
612 3529 632 3573 a
658 3506 901 3593 Cupidinibus
923 3529 1014 3594 quos
1036 3509 1273 3581 inflammavit

152 3621 297 3705 puellae
321 3621 566 3706 pulchritudo
594 3625 677 3690 Σολα
697 3631 790 3691 πίθων
806 3623 899 3709 (AC.
924 3625 950 3706 Ι,
979 3627 1055 3710 115)
1075 3628 1274 3714 apponitur

152 3735 190 3800 in
214 3733 321 3801 simili
345 3736 606 3824 epigrammate
632 3758 741 3804 sensu
761 3738 954 3806 admodum
978 3740 1136 3823 divers0,
1161 3765 1272 3830 quum

153 3857 246 3918 πίθων
277 3848 461 3938 genitivus
492 3852 539 3918 sit
569 3851 714 3939 objecti.
747 3854 876 3922 Utrum
910 3856 1078 3923 consulto
1105 3857 1272 3946 Hedylus

151 3965 246 4030 hanc
266 3966 462 4032 verborum
483 3969 759 4054 responsionem
784 3970 1003 4056 quaesiverit
1025 3993 1161 4056 annon,
1180 3995 1267 4042 asse·

151 4099 277 4146 verare
306 4079 431 4147 nolim.
459 4084 598 4170 Πρωτεὺς
628 4089 760 4152 λοπάδων
785 4086 877 4170 (AC.
904 4089 947 4169 V,
976 4089 1029 4174 17)
1061 4087 1195 4155 dicitur
1226 4090 1270 4157 de

152 4192 298 4260 homine
314 4194 376 4279 qui
394 4215 431 4260 se
448 4195 485 4262 in
502 4218 628 4264 omnes
645 4197 777 4266 formas
795 4201 987 4284 convertit,
1003 4210 1043 4269 ut
1060 4204 1212 4271 accedat
1225 4209 1271 4274 ad
