2864 4868
164 427 199 473 12
347 420 610 482 ASCLEPIADES,
637 419 866 483 POSlDlPPUS,
894 420 1079 470 HEDYLUS.

158 574 332 633 structam
357 562 534 630 rationem
551 574 574 625 ¹.
600 559 640 625 In
653 559 837 646 poematio
856 561 954 647 quod
969 583 1086 649 nuper
1103 567 1272 634 tractavit

158 677 464 748 Reitzensteinius
495 674 626 744 eruditi
657 674 725 742 viri
756 676 954 743 credebant
987 677 1107 745 inesse
1143 679 1272 750 laudes

159 798 289 864 doctae
319 793 472 876 animae,
505 812 597 878 quae
628 790 714 858 licet
750 789 896 880 ignibus
931 793 1060 860 adusta
1095 793 1271 882 Cupidini

157 921 336 1001 repugnet
368 919 405 977 et
435 910 687 977 adversetur2.
720 908 859 974 Eodem
891 908 999 975 modo
1031 922 1272 997 opponuntur

157 1028 319 1096 Doricha
337 1035 374 1094 et
390 1025 553 1114 Sappho,
572 1023 744 1091 meretrix
759 1033 795 1090 et
811 1024 966 1111 poetria,
987 1046 1139 1111 quarum
1156 1029 1270 1098 altera

157 1164 300 1231 semper
321 1141 430 1224 vivat,
458 1160 568 1227 quum
586 1138 660 1226 jam
683 1139 797 1206 altera
818 1138 855 1205 in
875 1139 1018 1208 cineres
1038 1145 1229 1212 evanuerit
1242 1144 1268 1212 3.

200 1259 250 1327 At
277 1256 487 1346 saepissime
515 1254 734 1343 Posidippus
757 1254 937 1323 Dorichas
965 1277 1040 1323 non
1065 1259 1156 1326 adeo
1184 1283 1270 1328 con·

157 1376 314 1464 tempsit,
334 1374 592 1460 studiosusque
604 1371 844 1460 Asclepiadae
858 1372 1099 1460 potiusquam
1109 1377 1271 1446 Zenonis

156 1492 318 1560 aemulus
339 1491 415 1557 fere
439 1509 566 1556 omnes
586 1486 663 1555 vias
682 1486 771 1555 adiit
795 1508 884 1574 quas
906 1487 1048 1556 Samius
1065 1504 1269 1577 aperuerat.

156 1609 249 1677 Sunt
266 1606 524 1695 epigrammata
536 1603 574 1670 in
589 1603 722 1690 quibus
734 1606 779 1672 de
792 1602 950 1690 propriis
963 1604 1061 1673 dicat
1072 1608 1268 1677 amoribus.
1287 1615 1290 1621 '

157 1723 205 1791 Se
223 1743 369 1809 quoque
389 1719 581 1808 profitetur
597 1740 664 1806 per
683 1727 828 1786 noctem
846 1718 1100 1807 intempestam
1120 1725 1271 1792 ebrium·

157 1860 227 1926 que
258 1837 400 1925 puellae
426 1836 573 1922 januam
598 1835 710 1903 adire.
741 1837 869 1921 Neque
897 1836 1061 1924 magistri
1082 1838 1271 1909 immemor

157 1932 211 2023 est
230 1956 376 2042 quando
392 1951 540 2020 fallaces
554 1951 723 2018 mulieres
737 1954 934 2039 exprobrat
945 1966 973 2036 4,
995 1963 1056 2022 aut
1069 1954 1270 2045 Cupidines

156 2073 324 2138 hortatur
343 2078 384 2137 ut
409 2088 536 2135 omnes
559 2066 597 2133 in
613 2087 651 2133 se
670 2065 788 2152 ipsum
812 2067 885 2135 tela
906 2069 1143 2156 conjiciant5.
1164 2071 1269 2140 Com·

156 2185 277 2276 posuit
305 2184 413 2252 etiam
440 2184 595 2250 famosas
618 2181 835 2271 jocosasque
864 2185 1094 2253 meretricum
1127 2188 1270 2257 dedica·

156 2298 308 2384 tionest,
323 2310 360 2367 et
371 2299 562 2366 mimorum
574 2319 690 2387 genus
703 2299 853 2367 coluit7:
868 2300 905 2367 in
918 2303 1074 2389 quodam
1085 2305 1269 2389 poematio

156 2422 298 2484 se'rvum
310 2416 415 2503 jubet
437 2416 534 2502 apud
550 2424 789 2487 mercatorem
809 2416 933 2484 vinum
950 2440 1138 2504 quaerere,
1157 2440 1268 2507 quum

156 2535 222 2601 hac
253 2533 333 2618 ipsa
362 2531 420 2599 die
452 2553 570 2599 coena
598 2531 822 2600 instituenda
851 2534 909 2600 sit.
942 2535 1078 2601 Versus
1109 2534 1268 2622 ejusdem

155 2647 371 2739 argumenti,
390 2648 454 2715 sed
469 2646 643 2716 felicioris
659 2669 773 2716 venae
790 2649 898 2717 nobis
917 2654 1136 2738 praebuerat
1147 2652 1272 2722 Ascle

110 2788 115 2796 ·
156 2764 293 2851 piades.

200 2880 333 2949 Cetera
365 2883 528 2949 eamdem
558 2879 829 2949 similitudinem
864 2893 973 2971 atque
1008 2886 1267 2974 cognationem

156 2998 330 3066 referunt.
361 2999 445 3065 Non
476 3005 615 3064 tantum
648 2996 773 3065 titulos
801 2999 1022 3085 sepulcrales
1047 3002 1268 3090 Posidippus

155 3112 311 3199 scripsit,
333 3114 397 3179 sed
420 3133 531 3179 unum
553 3111 698 3200 scripsit
717 3113 760 3180 de
782 3114 959 3204 naufrago
973 3114 1001 3181 8.
1025 3119 1102 3185 Nec
1123 3128 1267 3186 veteres

154 3229 284 3294 heroas
308 3226 494 3294 oblivione
520 3227 717 3313 praeteriit.
740 3228 862 3315 Atque
886 3230 1006 3315 etiam,
1029 3254 1138 3320 prave
1161 3232 1265 3300 intel·

199 3470 221 3504 1.
240 3456 296 3503 ΑΡ.
310 3456 366 3512 1111,
385 3470 441 3506 120.

196 3545 221 3579 2.
239 3533 293 3579 ΑΡ.
306 3532 362 3588 XII,
376 3531 420 3598 98.
433 3533 474 3580 Cf.
487 3532 518 3583 R.
531 3531 769 3596 Reitzensteinium‚
781 3548 824 3595 op.
836 3534 891 3591 cit„
905 3551 931 3597 p.
947 3551 972 3601 7.

197 3605 222 3656 3.
238 3607 295 3654 Ac.
308 3607 353 3662 111,
366 3623 408 3671 77.

195 3697 219 3746 4.
239 3682 293 3731 ΑΡ.
306 3683 337 3738 V,
355 3680 413 3738 186,
426 3680 486 3731 213.
499 3684 540 3732 cf.
554 3683 735 3745 Asclepiaden,
750 3686 781 3742 V,
798 3685 856 3736 158.

198 3756 220 3807 5.
238 3758 295 3805 ΑΡ.
307 3757 363 3813 XII,
375 3757 418 3821 45.
432 3759 495 3820 Jure
511 3760 660 3808 Knaackius
676 3760 751 3817 (Ar...
769 3767 787 3809 t.
806 3762 837 3818 ll,
855 3779 880 3824 p.
902 3761 961 3819 531,
979 3777 1005 3812 n.
1022 3759 1066 3826 64)
1085 3765 1269 3815 animadvertit

154 3839 257 3893 poetam
268 3839 327 3882 ante
337 3834 427 3882 oculos
437 3834 611 3896 Asclepiadae
621 3849 725 3885 carmen
735 3839 867 3895 habuisse,
879 3840 947 3887 unde
958 3839 1007 3888 sibi
1016 3840 1151 3889 dimidium
1162 3857 1266 3891 versum

155 3909 297 3969 desumpslt

510 3971 564 4033 Ναὶ,
577 3973 623 4034 ναὶ,
637 3973 731 4038 βάλλετ’
743 3979 878 4043 Ἔρωτες...

156 4073 339 4203 0ἱὸᾓέξὶ
351 4069 410 4198 iiii.
423 4148 540 4211 Namque
552 4150 714 4212 epigramma
724 4152 860 4215 Posidippi
872 4170 928 4205 esse
940 4156 1058 4212 arbitror,
1072 4158 1106 4204 cf.
1119 4171 1176 4219 cap.
1190 4159 1223 4206 11.

198 4239 222 4288 7.
240 4224 295 4270 ΑΡ.
308 4224 338 4278 V,
356 4221 414 4273 183.
428 4225 469 4275 Cf.
482 4224 514 4282 V,
531 4225 575 4276 181
590 4233 617 4274 et
627 4226 659 4284 V,
675 4226 732 4278 185.

197 4296 222 4348 8.
239 4299 295 4345 ΑΡ.
307 4298 364 4355 v11,
378 4297 437 4363 267.
