2864 4868
208 421 248 467 10
393 414 656 479 ascruprnuus,
685 412 1128 477 Postu1PPUS‚HEuvLUs.

206 568 291 625 runt
305 581 312 625 :
333 558 383 625 ita
400 579 438 624 se
455 556 573 644 ipsum
587 555 706 646 pingit
720 555 959 643 Asclepiades
975 578 1130 644 puerum
1144 558 1190 624 ad
1204 579 1323 625 emen·

202 677 269 743 dos
308 673 427 761 pisces
472 672 690 754 mittentem,
739 673 1039 754 stomachantem,
1087 673 1322 761 rationesque

203 791 388 879 impensae
410 789 586 878 pecuniae
609 797 863 877 reposcentem
881 804 904 855 ¹.
926 790 1064 857 Forsan
1081 799 1118 856 et
1139 790 1222 857 ideo
1241 791 1325 866 scri,

204 917 289 995 ptor
313 906 492 975 Sicelides
517 914 668 973 vocatus
698 904 778 988 fuit,
808 906 907 991 quod
932 905 1137 992 Sophronis
1167 905 1325 997 vestigia

94 1036 97 1042 “
203 1031 398 1109 premeret.
420 1020 613 1088 Mimorum
630 1042 747 1109 genus
767 1020 960 1108 Syracusis
981 1042 1121 1108 semper
1139 1021 1207 1088 fuit
1226 1043 1325 1089 acee-

203 1148 318 1225 ptum,
339 1137 513 1224 doctique
535 1136 604 1204 viri
627 1135 689 1222 qui
706 1135 812 1222 juxta
832 1158 930 1204 mare
948 1136 1135 1227 Aegaeum
1151 1138 1324 1206 vivebant

204 1252 450 1322 Siciliensium
492 1251 730 1319 imitationem
770 1274 845 1319 non
885 1253 1189 1340 dedignabantur.
1225 1254 1324 1322 Satis

206 1379 302 1437 esset
317 1369 550 1437 Theocritum
567 1388 781 1451 memorare,
801 1369 866 1435 sed
883 1390 958 1435 non
976 1368 1321 1454 praetermittendus

206 1485 411 1567 Herondas,
434 1484 497 1571 qui
519 1484 629 1570 paulo
651 1493 735 1570 post
756 1483 920 1552 iambicis
941 1484 1113 1552 trimetris
1136 1486 1321 1554 mandavit

206 1599 438 1688 popularium
460 1621 647 1667 sermones
668 1610 705 1667 et
721 1599 854 1689 jurgia.

249 1715 534 1784 Inveniebantur
549 1737 697 1803 quoque
717 1717 813 1804 apud
833 1716 1080 1804 Asclepiaden
1100 1719 1323 1807 sepulcrales

206 1831 313 1915 tituli,
340 1834 438 1919 quod
461 1852 577 1920 genus
602 1833 698 1918 apud
723 1832 886 1900 Graecos
911 1835 955 1900 ab
978 1834 1146 1901 omnibus
1173 1834 1325 1922 scripto-

207 1947 309 2015 ribus
351 1946 618 2033 frequentatum
656 1956 722 2014 est.
769 1947 839 2015 Hic
883 1949 1081 2036 praecipue
1120 1952 1323 2018 notandum

207 2047 353 2132 carmen
384 2066 428 2132 de
461 2064 637 2151 naufrago
670 2063 732 2149 qui
763 2074 868 2154 rogat
900 2074 939 2132 ut
969 2067 1098 2151 procul
1131 2089 1151 2134 a
1182 2069 1322 2134 tumulo

207 2183 340 2248 fluctus
358 2188 569 2248 remaneant
582 2192 609 2246 2.
631 2179 705 2247 Sed
721 2180 935 2267 plerumque
957 2182 1042 2249 talia
1063 2182 1325 2271 epigrammata

206 2318 282 2364 non
314 2317 421 2363 verae
451 2305 535 2362 sunt
566 2304 884 2362 monumentorum
916 2295 1187 2384 inscriptiones.
1216 2299 1322 2368 Hanc

209 2412 320 2501 elogii
349 2410 508 2499 speciem
536 2410 590 2478 sui
613 2411 704 2498 juris
732 2411 836 2479 multi
862 2394 1056 2496 faciebant,
1085 2422 1125 2479 ut
1152 2415 1323 2502 antiquos

207 2532 338 2599 heroas
361 2539 534 2617 poetasve
560 2531 800 2597 celebrarent.
827 2530 1023 2618 ingeniosa
1044 2531 1113 2598 ista
1134 2533 1325 2601 mendacia

203 2646 381 2734 juvabant
403 2645 684 2713 Alexandrinos.
709 2645 770 2713 Sic
793 2644 1033 2733 Asclepiades
1056 2646 1236 2715 Virtutem
1264 2651 1325 2717 ad·

209 2763 311 2832 duxit
321 2765 367 2831 ad
379 2784 507 2851 rogum
516 2761 640 2848 Ajacis
649 2761 832 2829 dolentem
846 2759 872 2828 3.
884 2763 973 2829 Item
985 2762 1022 2829 in
1031 2765 1197 2831 versibus
1206 2766 1326 2832 admo·

209 2881 293 2946 dum
313 2877 448 2947 mutilis
465 2899 557 2964 quos
574 2879 671 2964 apud
687 2878 920 2945 scholiastam
934 2879 1134 2966 reperimus
1148 2880 1323 2948 Hecubae

207 2994 320 3063 fatum
346 2994 506 3061 breviter
530 2993 722 3082 attingitur
734 3008 762 3060 4.
792 2993 890 3080 Apte
921 2993 1079 3080 conjecit
1116 2996 1323 3064 Knaackius

209 3121 355 3199 poetam
390 3110 514 3178 talium
551 3109 738 3176 titulorum
773 3120 939 3199 συναγωγήν
973 3112 1223 3198 composuisse
1261 3115 1324 3181 ubi

208 3228 328 3295 variae
345 3247 524 3316 personae
541 3234 827 3293 memorarentur
847 3226 986 3312 quasin
1005 3226 1115 3294 Iliade
1128 3229 1321 3296 cernimus.

252 3343 335 3412 Alia
362 3364 445 3429 pars
473 3342 771 3430 epigrammatum
797 3351 926 3410 tractat
953 3343 998 3409 de
1035 3343 1141 3410 claris
1171 3345 1323 3431 scripto·

210 3461 321 3527 ribus.
341 3460 410 3530 Hic
431 3464 606 3530 debemus
627 3479 822 3527 accensere
844 3457 965 3547 elogia
986 3459 1145 3526 Erinnae
1169 3469 1205 3526 et
1219 3459 1323 3527 Anti-

209 3578 327 3646 maehi
339 3576 364 3662 5,
384 3589 420 3646 et
436 3580 590 3646 fortasse
608 3576 916 3644 narratiunculam
933 3576 995 3643 ubi
1015 3577 1089 3644 fere
1105 3577 1322 3646 adolescens

209 3693 391 3763 inducitur
406 3689 629 3761 Hesiodusss.
649 3691 823 3760 Libenter
843 3701 962 3759 autem
980 3691 1220 3760 Alexandrini
1239 3715 1320 3761 cum

254 3949 276 3983 1.
294 3933 349 3981 ΑΡ.
362 3933 393 3989 V,
411 3932 468 3991 1813
481 3935 514 3982 cf.
529 3934 561 3990 V,
578 3931 635 3982 185.

253 4021 278 4055 2.
296 4005 351 4054 ΑΡ.
364 4005 421 4061 Vll,
434 4004 499 4069 2843
511 4007 544 4056 cf.
559 4006 616 4064 Vll,
631 4002 691 4053 500.

253 4080 277 4131 3.
295 4081 349 4128 ΑΡ.
362 4080 419 4137 VII,
436 4081 496 4145 1453
509 4083 543 4129 cf.
553 4081 608 4137 Vll,
623 4095 673 4145 217
686 4081 735 4137 (De
746 4079 927 4128 Archeanassa
940 4081 1094 4139 meretrIce).

251 4171 278 4220 4.
296 4157 338 4205 ct.
350 4171 407 4216 cap.
420 4156 454 4212 ΙΙ,
467 4172 493 4204 n.
507 4171 533 4220 4.

254 4231 278 4280 5.
296 4232 352 4278 ΑΡ.
363 4232 419 4288 Vll,
437 4243 478 4287 11;
493 4233 537 4288 lx,
551 4229 595 4282 63.

251 4305 277 4357 6.
295 4307 349 4356 ΑΡ.
363 4307 395 4364 V,
407 4305 449 4370 64.
461 4308 587 4356 Ultimum
598 4308 760 4370 epigramma
773 4308 940 4357 subditicium
952 4322 1010 4357 esse
1023 4308 1142 4357 arbitror.
