2864 4868
201 390 265 458 108
388 406 650 468 ASCLEPIADES,
679 406 908 471 POSlDlPPUS,
935 406 1122 458 HEDYLUS.

197 549 311 618 nihilo
328 546 450 636 potius
467 546 577 615 ducit.
598 546 639 613 In
655 556 885 634 pentametro
909 550 1192 638 anteponendus
1210 572 1316 641 spon·

197 667 308 732 dacus
324 663 469 751 dactylo
491 662 689 749 subjectus.
714 663 768 732 Ita
786 685 932 732 versum
955 673 1120 734 struxere
1143 666 1257 736 vicies
1281 676 1317 736 et

198 780 333 867 septies
354 779 607 865 Asclepiades,
626 780 739 847 vicies
760 789 797 848 et
821 788 950 867 quater
969 781 1203 871 Posidippus.

241 897 403 982 Uterque
426 892 630 961 commixtis
651 894 772 985 longis
792 895 1040 984 brevibusque
1061 898 1184 966 varios
1207 899 1317 968 animi

197 1021 316 1081 motus
346 1019 429 1100 apte
461 1010 530 1078 scit
566 1011 731 1079 reddere.
763 1011 879 1097 Quam
908 1012 1030 1082 vivide
1061 1014 1315 1102 Asclepiades.

196 1128 272 1196 ΑΡ.
296 1129 340 1211 V,
368 1126 443 1209 162,
469 1126 511 1194 3:
1329 1142 1333 1149 '

468 1290 584 1371 Οἴχαμ,
600 1287 739 1373 Ἔρωτες,
755 1291 869 1369 ὄλωλα,
884 1291 1037 1373 irriguum.
1349 1289 1375 1323 “

241 1479 428 1548 Solemnia
443 1500 462 1546 e
479 1476 676 1544 contrario.
695 1475 773 1544 AP.
794 1478 838 1559 V,
860 1476 934 1562 164,
956 1476 996 1544 3:

466 1640 601 1718 Κληθεὶς,
620 1640 669 1703 oia
683 1640 809 1717 ἄκλητος
823 1640 962 1717 ἐλήλυθα.
1011 1720 1014 1725 .

240 1828 409 1897 Graviter
425 1826 644 1913 Posidippus
662 1829 835 1894 adversus
857 1826 1029 1895 Amorem
1047 1836 1118 1895 stat
1135 1828 1314 1898 infensus.

196 1945 272 2013 ΑΡ.
295 1945 373 2029 XII,
400 1964 490 2011 120:

485 2105 616 2183 Εὐαπλῶ,
632 2104 680 2166 καὶ
695 2108 765 2186 πρός
781 2105 812 2165 σὲ
828 2107 1031 2185 μαχήσομαι...

240 2295 368 2381 Neque
396 2291 544 2378 illepide
573 2288 769 2380 spondaeis
793 2289 967 2358 immensa
993 2289 1176 2359 helluonis
1202 2292 1316 2361 fames

198 2409 415 2479 ostenditur.
439 2406 516 2475 AC.
542 2406 602 2489 ΙΙΙ,
627 2404 698 2496 78:

419 2573 516 2652 Πατρη
532 2569 588 2651 γὰρ
606 2565 723 2652 βρώμην
737 2569 787 2633 οὐκ
800 2575 833 2632 ἂν
848 2569 951 2652 ἐπέσχε
963 2566 1069 2645 θᾶσας.

241 2759 341 2826 Haec
364 2756 461 2844 apud
483 2756 665 2843 Hedylum
687 2776 763 2823 non
788 2756 840 2824 ita
859 2778 969 2846 saepe
987 2768 1197 2825 occurrunt.
1215 2758 1316 2827 Atta·

197 2898 280 2943 men
298 2895 374 2940 non
394 2871 472 2939 sine
495 2873 648 2958 quadam
671 2871 858 2941 alacritate
880 2872 970 2941 dixit
992 2883 1102 2960 poeta
1121 2875 1315 2965 longarum

197 2992 417 3079 syllabarum
440 3009 576 3055 amans.
601 2986 678 3055 AC.
702 2989 745 3071 V,
774 2988 840 3056 16:

469 3148 633 3232 Ὀψαφαὶγει,
650 3150 762 3228 Κλειοῖ,
778 3153 970 3230 καταμύομεν,
987 3157 1049 3211 etc.

240 3341 295 3407 De
317 3337 477 3407 caesuris
498 3345 724 3425 compertum
746 3339 920 3406 habemus
941 3335 1213 3405 Alexandrinos
1231 3360 1315 3428 pau·

195 3456 295 3524 latim
311 3454 602 3542 semiquinariam
620 3453 826 3522 trochaicae
839 3453 1103 3544 postposuisse.
1114 3453 1193 3542 Jam
1208 3453 1316 3523 Calli-

195 3573 344 3638 machus
377 3570 491 3637 multo
526 3569 700 3637 libentius
737 3568 959 3637 trochaicam
995 3568 1161 3637 adhibuit
1204 3591 1313 3657 quam

195 3685 519 3775 penthemimeren.
545 3686 676 3753 Nullus
702 3695 821 3752 autem
844 3693 1051 3752 nostrorum
1076 3705 1122 3751 eo
1145 3705 1314 3774 progres-

194 3826 255 3871 sus
276 3811 346 3885 est;
377 3822 521 3888 semper
539 3801 852 3888 penthemimeren
877 3808 1119 3888 anteponunt,
1143 3800 1208 3868 sed
1228 3823 1312 3888 pro·

195 3917 276 4006 pius
296 3918 341 3985 ad
361 3916 623 3984 Callimachum
648 3915 790 3984 accedit
811 3914 1043 4005 Posidippus.

238 4084 486 4165 Asclepiades..
506 4084 605 4146 habet
618 4086 661 4164 46
676 4084 924 4163 semiquinarias
940 4092 973 4146 et
989 4102 1029 4166 27
1044 4084 1239 4145 trochaicas.

238 4182 483 4261 Posidippus...
537 4216 574 4227 -
619 4183 659 4244 36
762 4217 801 4228 -
940 4190 972 4243 et
989 4182 1029 4243 26
1111 4216 1151 4229 -

238 4280 386 4360 Hedylus
399 4325 485 4341 .....
539 4315 576 4326 -
624 4299 660 4360 ¹9
762 4315 801 4325 -
943 4288 974 4341 et
994 4299 1025 4341 ιι
1110 4313 1149 4325 -
