2864 4868
162 364 208 453 96
351 382 618 447 ASCLEPIADES,
646 382 877 451 POSIDIPPUS,
904 382 1090 432 HEDYLUS.

205 524 279 590 Eae
301 534 385 590 sunt
407 533 653 593 consonantes
674 525 733 591 vel
755 523 1035 592 consonantium
1054 523 1278 610 conjunctio·

160 660 225 706 nes
241 660 333 726 quae
351 639 526 726 syllabam
544 642 761 728 producant.

271 808 416 872 Asclepiades
433 809 572 873 Posidippus
589 809 691 873 Hedylus
858 809 1002 873 Asclepiades
1020 810 1160 872 posidippus
1177 808 1279 872 Hedylus

1226 973 1235 1014 l

1222 1069 1241 1110 0

1220 1168 1240 1210 0

1220 1265 1240 1307 0

1220 1364 1240 1406 0

1219 1462 1239 1503 Ο

204 1752 244 1818 In
280 1751 538 1840 epigrammate
576 1751 686 1819 dubio
722 1751 980 1839 Asclepiadae,
1017 1752 1094 1833 VII,
1131 1771 1210 1841 217,
1243 1771 1277 1833 2,

159 1867 312 1956 simplex
340 1888 547 1935 consonans
574 1878 589 1957 p
617 1866 836 1956 positionem
863 1867 964 1935 facit.

204 1983 244 2052 Si
272 1985 364 2051 duae
393 1985 539 2052 vocales
567 1995 792 2052 concurrunt
821 2005 973 2070 quarum
997 1985 1112 2053 altera
1139 1984 1176 2052 in
1204 1982 1277 2054 fine

160 2100 304 2189 prioris,
331 2101 445 2168 altera
474 2101 511 2167 in
539 2100 644 2169 initio
668 2100 855 2187 sequentis
877 2100 1048 2168 vocabuli
1074 2101 1195 2189 posita
1216 2102 1274 2185 sit,

159 2219 340 2285 interdum
374 2216 474 2305 prior
506 2216 547 2283 fit
575 2240 594 2283 e
623 2219 735 2307 longa
761 2215 896 2286 brevis.
928 2218 1037 2303 Quod
1064 2218 1278 2306 frequenter

160 2337 254 2422 apud
293 2343 439 2402 nostros
477 2333 756 2403 animadvertes.
797 2333 985 2419 Ejusmodi
1023 2336 1275 2423 correptiones

158 2453 294 2518 habent
325 2453 368 2519 25
401 2451 652 2538 Asclepiades
686 2449 730 2518 28
771 2450 1005 2539 Posidippus‚
1039 2450 1061 2518 6
1096 2451 1273 2539 Hedylus.

158 2570 395 2655 Nequaquam
428 2569 624 2656 displicent
651 2571 847 2637 dummodo
876 2568 913 2636 in
941 2570 1102 2637 secunda
1130 2569 1275 2641 theseos

158 2694 262 2772 parte
284 2694 489 2753 occurrant.
514 2687 694 2753 Numeros
717 2706 957 2772 apponamus.

158 2852 405 2932 Asclepiades..
425 2852 460 2913 in
474 2853 572 2932 priori
588 2853 717 2915 theseos
732 2861 822 2933 parte
838 2853 1056 2933 correptiones
1071 2853 1206 2917 adhibet
1257 2855 1272 2916 3

197 2986 235 2996 -
323 2994 408 3010 .....
430 2950 464 3010 in
480 2951 580 3012 altera
641 2986 681 2999 -
762 2987 800 2997 -
940 2987 980 2997 -
1119 2988 1159 3000 -
1233 2972 1272 3013 22

158 3047 407 3127 Posidippus...
429 3048 462 3108 in
477 3049 576 3128 priori
636 3084 676 3096 -
758 3086 797 3096 —
937 3084 978 3098 -
1252 3070 1274 3131 4

197 3181 235 3191 -
322 3191 408 3208 .....
429 3146 463 3206 in
478 3147 580 3209 altera
640 3183 677 3193 -
939 3184 977 3193 -
1233 3168 1274 3228 24

157 3244 305 3324 Hedylus
322 3290 408 3305 .....
429 3245 463 3305 in
476 3245 576 3325 priori
637 3279 676 3292 -
937 3283 976 3291 —
1255 3248 1271 3309 3

196 3379 236 3391 -
322 3389 408 3405 .....
429 3344 463 3404 in
477 3345 580 3406 altera
638 3380 677 3389 —
938 3379 975 3391 -
1255 3342 1273 3406 3

202 3552 356 3621 Facilius
375 3554 563 3641 patiuntur
583 3554 741 3621 lectores
756 3552 1025 3640 correptionem
1044 3573 1138 3639 quae
1155 3554 1214 3620 vel
1234 3551 1271 3619 in

157 3669 276 3737 medio
300 3670 445 3756 dactylo
471 3669 677 3752 intercedit,
705 3669 851 3757 quando
871 3668 1052 3736 vocabula
1080 3667 1272 3756 distinguit

158 3805 307 3852 caesura
334 3788 406 3854 κατὰ
436 3793 482 3855 τὸν
508 3795 597 3875 τρίτον
624 3802 766 3876 τροχαῖον.
798 3786 919 3870 Quare
950 3786 1048 3851 hunc
1081 3783 1118 3850 in
1146 3784 1269 3853 locum

156 3899 333 3985 ancipites
354 3902 434 3969 illas
454 3902 613 3988 syllabas
634 3901 789 3969 intulere
808 3900 918 3969 semel
935 3899 1187 3988 Asclepiades,
1213 3901 1269 3968 bis

154 4015 373 4103 Posidippus
396 4019 506 4084 semel
530 4017 706 4103 Hedylus.

198 4131 349 4200 Collisio
371 4144 490 4200 autem
511 4134 656 4201 minime
677 4134 789 4201 laedit
811 4155 927 4216 auree,
950 4133 1097 4219 quando
1118 4132 1159 4198 fit
1181 4144 1266 4202 ante

153 4246 314 4335 quintam
343 4249 438 4316 arsin
466 4250 677 4318 hexametri.
707 4251 960 4317 Intercedente
991 4248 1087 4315 enim
1116 4269 1269 4319 caesura
