2864 4868
211 388 254 458 92
401 383 665 445 ASCLEPIADES,
692 382 921 447 POSIDIPPUS,
948 380 1135 431 HEDYLUS.

212 523 1327 615 ignorantvelnegligunt.NamPosidippusfereomueshujus

211 642 311 712 modi
332 642 585 731 correptiones
606 644 787 731 inpriore
808 645 954 711 theseos
976 653 1079 731 parte
1097 644 1305 713 collocavit.

255 760 441 828 Nonnulla
477 760 650 827 addamus
687 761 732 827 de
771 760 972 828 litterarum
1007 760 1327 850 conjunctionibus

211 897 302 962 quae
326 875 546 963 positionem
569 897 644 944 non
666 876 815 944 faciunt.

321 1058 466 1121 Asclepiades
483 1058 622 1122 Posidippus
639 1058 741 1122 Hedylus
909 1060 1053 1124 Asclepiades
1070 1061 1211 1126 Posidippus
1227 1063 1329 1126 Hedylus

682 1221 701 1262 0

255 1893 444 1961 Libentius
479 1902 599 1960 autem
637 1893 753 1961 nostri
786 1905 870 1962 ante
903 1905 1038 1963 mutam
1072 1918 1154 1964 cum
1189 1897 1330 1986 liquida

210 2011 374 2079 vocalem
415 2009 634 2097 producunt,
673 2010 887 2097 praesertim
925 2012 1070 2098 quando
1105 2035 1179 2082 uno
1214 2018 1329 2083 verbo

210 2127 347 2197 vocalis
383 2129 548 2214 duaeque
583 2136 829 2194 consonantes
866 2127 1113 2197 continentur.
1153 2131 1331 2218 Exempla

210 2245 317 2313 video
352 2262 397 2330 42
433 2245 529 2330 apud
560 2242 823 2330 Asclepiaden,
862 2243 904 2311 26
943 2245 1039 2332 apud
1075 2244 1328 2334 Posidippum,

214 2381 257 2427 20
283 2360 380 2446 apud
403 2358 598 2446 Hedylum.
624 2357 881 2442 Callimachus,
910 2359 948 2426 in
979 2380 1042 2447 140
1068 2361 1235 2429 versibus
1260 2363 1331 2449 epi-

211 2486 461 2565 grammatum,
481 2496 525 2565 29
546 2485 685 2543 tantum
702 2475 965 2562 productiones
980 2477 1107 2560 habet;
1126 2477 1213 2545 hinc
1230 2487 1331 2565 patet

212 2614 294 2660 eum
322 2592 494 2679 majorem
526 2590 729 2658 scribendis
754 2590 975 2659 carminibus
1002 2613 1124 2660 curam
1149 2593 1328 2662 attulisse.

212 2707 519 2776 Productionibus
543 2705 757 2794 praesertim
782 2707 895 2774 utitur
919 2707 957 2773 in
981 2708 1052 2776 arsi
1080 2709 1199 2796 quarti
1226 2711 1331 2798 pedis

211 2824 422 2892 hexametri.
444 2822 619 2892 Similiter
635 2844 708 2889 rem
727 2834 883 2912 egerunt
899 2823 1027 2908 nostri,
1047 2846 1205 2912 namque
1228 2826 1266 2893 in
1289 2848 1332 2894 ea

212 2941 297 3008 sede
310 2938 547 3028 Asclepiades
563 2962 581 3028 7
596 2939 856 3027 productiones
870 2939 1029 3023 adhibet,
1046 2940 1281 3028 Posidippus,
1293 2962 1328 3029 4;

211 3057 386 3144 Hedylus‚
414 3056 445 3124 3.
473 3055 545 3142 Qui
567 3076 753 3143 nunquam
785 3055 891 3124 anxia
918 3078 1001 3124 cum
1030 3055 1224 3125 sedulitate
1251 3080 1331 3147 pro·

212 3172 405 3241 ductiones
427 3171 463 3239 in
490 3172 583 3239 thesi
607 3172 780 3240 vitavere.
810 3172 1014 3241 Nonnullas
1043 3172 1138 3240 enim
1167 3173 1328 3257 invenio,

212 3311 364 3377 quarum
395 3291 494 3355 bona
527 3310 611 3376 pars
644 3287 682 3354 in
716 3290 879 3356 secundo
908 3288 1108 3356 hexametri
1142 3298 1179 3356 et
1208 3299 1333 3377 penta·

211 3405 317 3474 metri
332 3405 426 3493 pede
443 3403 614 3472 occurrit.
633 3404 703 3470 Hic
719 3403 815 3472 enim
831 3405 935 3473 locus
950 3426 1095 3493 semper
1111 3404 1331 3492 recipiendis

212 3521 406 3608 spondaeis
424 3535 528 3608 aptus
544 3519 622 3587 fuit.
641 3521 681 3586 In
698 3522 859 3589 secunda
879 3521 971 3589 thesi
992 3520 1193 3588 hexametri
1208 3521 1332 3589 Ascle-

212 3638 337 3725 piades
353 3638 370 3705 3
384 3636 647 3725 productiones
660 3646 822 3724 usurpat,
837 3637 1058 3725 Posidippus
1071 3660 1100 3719 1,
1114 3636 1281 3724 Hedylus
1294 3659 1328 3723 o;

212 3751 248 3817 in
262 3753 423 3819 secunda
436 3752 529 3819 thesi
544 3751 764 3838 pentametri
772 3751 1050 3839 Asclepiadesd,
1067 3751 1329 3841 Posidippuso,

212 3867 374 3954 Hedylus
395 3890 422 3934 1.
450 3868 606 3952 Quando
634 3877 754 3934 autem
786 3866 962 3953 ejusmodi
991 3868 1152 3954 syllabae
1177 3867 1215 3934 in
1238 3868 1333 3936 thesi

212 3992 420 4067 occurrunt,
436 3983 646 4050 arctissimis
661 3983 758 4072 apud
771 3983 1040 4051 Alexandrinos
1051 3983 1332 4072 poetaslegibus

211 4098 613 4183 circumscribebantur,
634 4121 724 4186 quas
744 4121 861 4186 nuper
878 4100 1084 4167 enucleavit
1100 4098 1267 4187 Heepius
1283 4117 1307 4167 ¹.

257 4286 278 4323 1.
298 4272 472 4332 eraestiones
491 4271 692 4320 Callimacheae
709 4271 849 4326 metricae,
868 4271 984 4331 Bonnae,
1007 4269 1081 4334 1884.
1173 4273 1176 4279 '
