<?xml version="1.0" encoding="UTF-8"?>
<!DOCTYPE html PUBLIC "-//W3C//DTD XHTML 1.0 Transitional//EN"
    "http://www.w3.org/TR/xhtml1/DTD/xhtml1-transitional.dtd">
<html xmlns="http://www.w3.org/1999/xhtml" xml:lang="en" lang="en">
 <head>
  <title>
</title>
<meta http-equiv="Content-Type" content="text/html;charset=utf-8" />
  <meta name='ocr-system' content='tesseract 3.04.00' />
  <meta name='ocr-capabilities' content='ocr_page ocr_carea ocr_par ocr_line ocrx_word'/>
</head>
<body>
  <div class='ocr_page' id='page_1' title='image "./quaefuerintdice00ouvrgoog_0111.png"; bbox 0 0 2864 4868; ppageno 0'>
   <div class='ocr_carea' id='block_1_1' title="bbox 225 395 1146 467">
    <p class='ocr_par' dir='ltr' id='par_1_1' title="bbox 225 395 1146 467">
     <span class='ocr_line' id='line_1_1' title="bbox 225 395 1146 467; baseline 0.003 -22"><span class='ocrx_word' id='word_1_1' title='bbox 225 398 291 467; x_wconf 68' lang='lat'>104</span> <span class='ocrx_word' id='word_1_2' title='bbox 413 395 676 460; x_wconf 78' lang='lat' dir='ltr'><strong>ASCLEPIADES,</strong></span> <span class='ocrx_word' id='word_1_3' title='bbox 704 397 933 461; x_wconf 81' lang='lat' dir='ltr'>POSIDIPPUS,</span> <span class='ocrx_word' id='word_1_4' title='bbox 960 397 1146 448; x_wconf 81' lang='lat' dir='ltr'>HEDYLUS.</span> 
     </span>
    </p>
   </div>
   <div class='ocr_carea' id='block_1_2' title="bbox 218 538 1336 860">
    <p class='ocr_par' dir='ltr' id='par_1_2' title="bbox 218 538 1336 860">
     <span class='ocr_line' id='line_1_2' title="bbox 220 538 1333 629; baseline 0.003 -21"><span class='ocrx_word' id='word_1_5' title='bbox 220 540 305 628; x_wconf 92' lang='lat' dir='ltr'>quia</span> <span class='ocrx_word' id='word_1_6' title='bbox 328 538 465 628; x_wconf 91' lang='lat' dir='ltr'>primus</span> <span class='ocrx_word' id='word_1_7' title='bbox 488 539 547 608; x_wconf 92' lang='lat' dir='ltr'>hic</span> <span class='ocrx_word' id='word_1_8' title='bbox 574 539 613 607; x_wconf 92' lang='lat' dir='ltr'>in</span> <span class='ocrx_word' id='word_1_9' title='bbox 639 538 743 607; x_wconf 92' lang='lat' dir='ltr'>initio</span> <span class='ocrx_word' id='word_1_10' title='bbox 769 539 874 607; x_wconf 92' lang='lat' dir='ltr'>basin</span> <span class='ocrx_word' id='word_1_11' title='bbox 900 541 1136 626; x_wconf 89' lang='lat' dir='ltr'>spondaicam</span> <span class='ocrx_word' id='word_1_12' title='bbox 1158 543 1333 629; x_wconf 86' lang='lat' dir='ltr'>posuerit.</span> 
     </span>
     <span class='ocr_line' id='line_1_3' title="bbox 218 656 1333 748; baseline 0.004 -23"><span class='ocrx_word' id='word_1_13' title='bbox 218 657 328 744; x_wconf 79' lang='lat' dir='ltr'>Quod</span> <span class='ocrx_word' id='word_1_14' title='bbox 340 677 465 725; x_wconf 90' lang='lat' dir='ltr'>verum</span> <span class='ocrx_word' id='word_1_15' title='bbox 479 678 559 724; x_wconf 90' lang='lat' dir='ltr'>esse</span> <span class='ocrx_word' id='word_1_16' title='bbox 574 665 707 743; x_wconf 88' lang='lat' dir='ltr'>potest,</span> <span class='ocrx_word' id='word_1_17' title='bbox 721 656 786 724; x_wconf 92' lang='lat' dir='ltr'>sed</span> <span class='ocrx_word' id='word_1_18' title='bbox 803 656 1027 746; x_wconf 86' lang='lat' dir='ltr'><strong>argumentis</strong></span> <span class='ocrx_word' id='word_1_19' title='bbox 1041 657 1177 727; x_wconf 88' lang='lat' dir='ltr'>firmari</span> <span class='ocrx_word' id='word_1_20' title='bbox 1194 661 1333 748; x_wconf 90' lang='lat' dir='ltr'>nequit.</span> 
     </span>
     <span class='ocr_line' id='line_1_4' title="bbox 218 771 1336 860; baseline 0.002 -19"><span class='ocrx_word' id='word_1_21' title='bbox 218 772 317 841; x_wconf 92' lang='lat' dir='ltr'>Nihil</span> <span class='ocrx_word' id='word_1_22' title='bbox 334 771 430 840; x_wconf 91' lang='lat' dir='ltr'>enim</span> <span class='ocrx_word' id='word_1_23' title='bbox 451 771 547 839; x_wconf 91' lang='lat' dir='ltr'>inter</span> <span class='ocrx_word' id='word_1_24' title='bbox 571 771 816 860; x_wconf 89' lang='lat' dir='ltr'>Asclepiadea</span> <span class='ocrx_word' id='word_1_25' title='bbox 840 772 1085 860; x_wconf 83' lang='lat' dir='ltr'>Asclepiadeo</span> <span class='ocrx_word' id='word_1_26' title='bbox 1109 785 1226 843; x_wconf 88' lang='lat' dir='ltr'>metro</span> <span class='ocrx_word' id='word_1_27' title='bbox 1252 798 1336 844; x_wconf 93' lang='lat' dir='ltr'>con·</span> 
     </span>
    </p>
   </div>
   <div class='ocr_carea' id='block_1_3' title="bbox 218 887 1337 1083">
    <p class='ocr_par' dir='ltr' id='par_1_3' title="bbox 218 887 1337 1083">
     <span class='ocr_line' id='line_1_5' title="bbox 218 887 1336 980; baseline 0.003 -23"><span class='ocrx_word' id='word_1_28' title='bbox 218 888 392 977; x_wconf 90' lang='lat' dir='ltr'>scriptum</span> <span class='ocrx_word' id='word_1_29' title='bbox 410 890 595 956; x_wconf 85' lang='lat' dir='ltr'>habemus.</span> <span class='ocrx_word' id='word_1_30' title='bbox 612 887 686 956; x_wconf 85' lang='lat' dir='ltr'>Sed</span> <span class='ocrx_word' id='word_1_31' title='bbox 702 887 897 956; x_wconf 91' lang='lat' dir='ltr'>verisimile</span> <span class='ocrx_word' id='word_1_32' title='bbox 915 898 971 957; x_wconf 88' lang='lat' dir='ltr'>est</span> <span class='ocrx_word' id='word_1_33' title='bbox 989 890 1086 958; x_wconf 88' lang='lat' dir='ltr'>haud</span> <span class='ocrx_word' id='word_1_34' title='bbox 1101 913 1219 977; x_wconf 90' lang='lat' dir='ltr'>pauca</span> <span class='ocrx_word' id='word_1_35' title='bbox 1236 893 1336 980; x_wconf 91' lang='lat' dir='ltr'>prius</span> 
     </span>
     <span class='ocr_line' id='line_1_6' title="bbox 218 996 1337 1083; baseline 0.002 -17"><span class='ocrx_word' id='word_1_36' title='bbox 218 997 304 1066; x_wconf 87' lang='lat' dir='ltr'>talia</span> <span class='ocrx_word' id='word_1_37' title='bbox 320 996 513 1065; x_wconf 86' lang='lat' dir='ltr'>exstitisse.</span> <span class='ocrx_word' id='word_1_38' title='bbox 532 998 623 1065; x_wconf 92' lang='lat' dir='ltr'>Nam</span> <span class='ocrx_word' id='word_1_39' title='bbox 641 996 784 1064; x_wconf 88' lang='lat' dir='ltr'>Samius</span> <span class='ocrx_word' id='word_1_40' title='bbox 801 996 911 1064; x_wconf 89' lang='lat' dir='ltr'>Lesbi</span> <span class='ocrx_word' id='word_1_41' title='bbox 926 1006 1055 1083; x_wconf 87' lang='lat' dir='ltr'>poetas</span> <span class='ocrx_word' id='word_1_42' title='bbox 1073 1020 1212 1067; x_wconf 90' lang='lat' dir='ltr'>summa</span> <span class='ocrx_word' id='word_1_43' title='bbox 1233 1022 1337 1069; x_wconf 91' lang='lat' dir='ltr'>vene·</span> 
     </span>
    </p>
   </div>
   <div class='ocr_carea' id='block_1_4' title="bbox 215 1111 1389 2131">
    <p class='ocr_par' dir='ltr' id='par_1_4' title="bbox 215 1111 1389 2131">
     <span class='ocr_line' id='line_1_7' title="bbox 217 1111 1389 1199; baseline 0.004 -20"><span class='ocrx_word' id='word_1_44' title='bbox 217 1112 360 1181; x_wconf 90' lang='lat' dir='ltr'>ratione</span> <span class='ocrx_word' id='word_1_45' title='bbox 373 1112 487 1179; x_wconf 92' lang='lat' dir='ltr'>coluit</span> <span class='ocrx_word' id='word_1_46' title='bbox 498 1126 521 1195; x_wconf 83' lang='lat'>¹,</span> <span class='ocrx_word' id='word_1_47' title='bbox 531 1132 650 1198; x_wconf 92' lang='lat' dir='ltr'>neque</span> <span class='ocrx_word' id='word_1_48' title='bbox 661 1111 1022 1199; x_wconf 90' lang='lat' dir='ltr'>praetermittendum</span> <span class='ocrx_word' id='word_1_49' title='bbox 1036 1122 1092 1181; x_wconf 93' lang='lat' dir='ltr'>est</span> <span class='ocrx_word' id='word_1_50' title='bbox 1101 1115 1335 1184; x_wconf 86' lang='lat' dir='ltr'>Theocritum</span> <span class='ocrx_word' id='word_1_51' title='bbox 1386 1192 1389 1197; x_wconf 56' lang='grc'><strong>,</strong></span> 
     </span>
     <span class='ocr_line' id='line_1_8' title="bbox 217 1226 1336 1317; baseline 0.001 -20"><span class='ocrx_word' id='word_1_52' title='bbox 217 1228 457 1317; x_wconf 83' lang='lat' dir='ltr'>Asclepiadae</span> <span class='ocrx_word' id='word_1_53' title='bbox 480 1226 696 1316; x_wconf 90' lang='lat' dir='ltr'>discipulum</span> <span class='ocrx_word' id='word_1_54' title='bbox 720 1226 974 1314; x_wconf 83' lang='lat' dir='ltr'>Asclepiadeis</span> <span class='ocrx_word' id='word_1_55' title='bbox 998 1229 1164 1298; x_wconf 92' lang='lat' dir='ltr'>versibus</span> <span class='ocrx_word' id='word_1_56' title='bbox 1189 1253 1336 1299; x_wconf 91' lang='lat' dir='ltr'>carmen</span> 
     </span>
     <span class='ocr_line' id='line_1_9' title="bbox 217 1341 1336 1431; baseline 0.002 -18"><span class='ocrx_word' id='word_1_57' title='bbox 217 1343 491 1431; x_wconf 88' lang='lat' dir='ltr'>conscripsisse,</span> <span class='ocrx_word' id='word_1_58' title='bbox 516 1345 662 1431; x_wconf 88' lang='lat' dir='ltr'>quando</span> <span class='ocrx_word' id='word_1_59' title='bbox 680 1343 799 1410; x_wconf 92' lang='lat' dir='ltr'>colum</span> <span class='ocrx_word' id='word_1_60' title='bbox 817 1341 914 1409; x_wconf 88' lang='lat' dir='ltr'>misit</span> <span class='ocrx_word' id='word_1_61' title='bbox 928 1345 1033 1412; x_wconf 86' lang='lat' dir='ltr'>uxori</span> <span class='ocrx_word' id='word_1_62' title='bbox 1054 1345 1181 1413; x_wconf 83' lang='lat' dir='ltr'>Niciae</span> <span class='ocrx_word' id='word_1_63' title='bbox 1202 1346 1336 1416; x_wconf 90' lang='lat' dir='ltr'>Milesii</span> 
     </span>
     <span class='ocr_line' id='line_1_10' title="bbox 216 1459 1336 1550; baseline 0.004 -22"><span class='ocrx_word' id='word_1_64' title='bbox 216 1460 359 1530; x_wconf 92' lang='lat' dir='ltr'>medici.</span> <span class='ocrx_word' id='word_1_65' title='bbox 378 1461 461 1528; x_wconf 93' lang='lat' dir='ltr'>Non</span> <span class='ocrx_word' id='word_1_66' title='bbox 477 1460 605 1545; x_wconf 92' lang='lat' dir='ltr'>procul</span> <span class='ocrx_word' id='word_1_67' title='bbox 623 1460 757 1526; x_wconf 90' lang='lat' dir='ltr'>absunt</span> <span class='ocrx_word' id='word_1_68' title='bbox 774 1459 903 1527; x_wconf 87' lang='lat' dir='ltr'>Samos</span> <span class='ocrx_word' id='word_1_69' title='bbox 921 1467 958 1526; x_wconf 90' lang='lat' dir='ltr'>et</span> <span class='ocrx_word' id='word_1_70' title='bbox 973 1459 1131 1543; x_wconf 89' lang='lat' dir='ltr'>Miletus,</span> <span class='ocrx_word' id='word_1_71' title='bbox 1151 1473 1263 1550; x_wconf 88' lang='lat' dir='ltr'>atque</span> <span class='ocrx_word' id='word_1_72' title='bbox 1280 1464 1336 1532; x_wconf 92' lang='lat' dir='ltr'>Ni·</span> 
     </span>
     <span class='ocr_line' id='line_1_11' title="bbox 216 1574 1335 1665; baseline 0.001 -19"><span class='ocrx_word' id='word_1_73' title='bbox 216 1579 309 1646; x_wconf 92' lang='lat' dir='ltr'>ciam</span> <span class='ocrx_word' id='word_1_74' title='bbox 319 1577 355 1645; x_wconf 95' lang='lat' dir='ltr'>in</span> <span class='ocrx_word' id='word_1_75' title='bbox 364 1577 418 1644; x_wconf 93' lang='lat' dir='ltr'>Co</span> <span class='ocrx_word' id='word_1_76' title='bbox 427 1574 1335 1665; x_wconf 77' lang='lat' dir='ltr'>insulaverisimiliternoveratTheocrituS.Quare</span> 
     </span>
     <span class='ocr_line' id='line_1_12' title="bbox 215 1690 1336 1780; baseline 0.001 -17"><span class='ocrx_word' id='word_1_77' title='bbox 215 1694 444 1763; x_wconf 86' lang='lat' dir='ltr'>manifestum</span> <span class='ocrx_word' id='word_1_78' title='bbox 464 1700 519 1760; x_wconf 89' lang='lat' dir='ltr'>est</span> <span class='ocrx_word' id='word_1_79' title='bbox 533 1700 707 1779; x_wconf 91' lang='lat' dir='ltr'>quantum</span> <span class='ocrx_word' id='word_1_80' title='bbox 724 1692 783 1760; x_wconf 90' lang='lat' dir='ltr'>vel</span> <span class='ocrx_word' id='word_1_81' title='bbox 799 1692 837 1758; x_wconf 92' lang='lat' dir='ltr'>in</span> <span class='ocrx_word' id='word_1_82' title='bbox 850 1690 1029 1780; x_wconf 89' lang='lat' dir='ltr'>eligendis</span> <span class='ocrx_word' id='word_1_83' title='bbox 1045 1694 1169 1762; x_wconf 91' lang='lat' dir='ltr'>metris</span> <span class='ocrx_word' id='word_1_84' title='bbox 1182 1696 1336 1764; x_wconf 85' lang='lat' dir='ltr'>Alexan·</span> 
     </span>
     <span class='ocr_line' id='line_1_13' title="bbox 216 1807 1334 1897; baseline 0 -17"><span class='ocrx_word' id='word_1_85' title='bbox 216 1812 311 1880; x_wconf 92' lang='lat' dir='ltr'>drini</span> <span class='ocrx_word' id='word_1_86' title='bbox 326 1810 536 1878; x_wconf 86' lang='lat' dir='ltr'>memoriam</span> <span class='ocrx_word' id='word_1_87' title='bbox 555 1808 746 1897; x_wconf 91' lang='lat' dir='ltr'>regionum</span> <span class='ocrx_word' id='word_1_88' title='bbox 767 1807 994 1876; x_wconf 91' lang='lat' dir='ltr'>servaverint</span> <span class='ocrx_word' id='word_1_89' title='bbox 1012 1809 1050 1875; x_wconf 92' lang='lat' dir='ltr'>in</span> <span class='ocrx_word' id='word_1_90' title='bbox 1072 1811 1204 1897; x_wconf 89' lang='lat' dir='ltr'>quibus</span> <span class='ocrx_word' id='word_1_91' title='bbox 1225 1813 1334 1881; x_wconf 88' lang='lat' dir='ltr'>vitam</span> 
     </span>
     <span class='ocr_line' id='line_1_14' title="bbox 216 1923 1274 2016; baseline 0.001 -22"><span class='ocrx_word' id='word_1_92' title='bbox 216 1929 399 2016; x_wconf 88' lang='lat' dir='ltr'>degebant</span> <span class='ocrx_word' id='word_1_93' title='bbox 415 1926 472 1992; x_wconf 91' lang='lat' dir='ltr'>vel</span> <span class='ocrx_word' id='word_1_94' title='bbox 492 1924 562 2013; x_wconf 92' lang='lat' dir='ltr'>ipsi</span> <span class='ocrx_word' id='word_1_95' title='bbox 579 1924 638 1991; x_wconf 91' lang='lat' dir='ltr'>vel</span> <span class='ocrx_word' id='word_1_96' title='bbox 655 1923 680 1991; x_wconf 92' lang='lat' dir='ltr'>ii</span> <span class='ocrx_word' id='word_1_97' title='bbox 702 1923 835 2010; x_wconf 92' lang='lat' dir='ltr'>quibus</span> <span class='ocrx_word' id='word_1_98' title='bbox 851 1932 1021 2010; x_wconf 92' lang='lat' dir='ltr'>poemata</span> <span class='ocrx_word' id='word_1_99' title='bbox 1036 1926 1274 1995; x_wconf 88' lang='lat' dir='ltr'>mandabant.</span> 
     </span>
     <span class='ocr_line' id='line_1_15' title="bbox 260 2030 1334 2131; baseline 0 -20"><span class='ocrx_word' id='word_1_100' title='bbox 260 2043 512 2131; x_wconf 81' lang='lat' dir='ltr'>Aliaquoque</span> <span class='ocrx_word' id='word_1_101' title='bbox 540 2039 694 2108; x_wconf 89' lang='lat' dir='ltr'>tentavit</span> <span class='ocrx_word' id='word_1_102' title='bbox 717 2039 968 2129; x_wconf 87' lang='lat' dir='ltr'>Asclepiades.</span> <span class='ocrx_word' id='word_1_103' title='bbox 996 2030 1334 2113; x_wconf 66' lang='lat' dir='ltr'>Trimeter&#39;scazon</span> 
     </span>
    </p>
   </div>
   <div class='ocr_carea' id='block_1_5' title="bbox 218 2169 1041 2330">
    <p class='ocr_par' dir='ltr' id='par_1_5' title="bbox 218 2169 1041 2330">
     <span class='ocr_line' id='line_1_16' title="bbox 218 2169 1041 2330; baseline 0.098 -80"><span class='ocrx_word' id='word_1_104' title='bbox 218 2169 274 2228; x_wconf 50' lang='grc' dir='ltr'>θεῖ</span> <span class='ocrx_word' id='word_1_105' title='bbox 460 2246 496 2311; x_wconf 79' lang='grc' dir='ltr'><em>Ὃ</em></span> <span class='ocrx_word' id='word_1_106' title='bbox 510 2247 558 2310; x_wconf 59' lang='grc' dir='ltr'>καὶ</span> <span class='ocrx_word' id='word_1_107' title='bbox 572 2249 654 2323; x_wconf 48' lang='lat' dir='ltr'>anseg</span> <span class='ocrx_word' id='word_1_108' title='bbox 667 2249 785 2310; x_wconf 79' lang='grc' dir='ltr'>καλοῦσι</span> <span class='ocrx_word' id='word_1_109' title='bbox 801 2247 937 2330; x_wconf 62' lang='lat' dir='ltr'>eucarpo</span> <span class='ocrx_word' id='word_1_110' title='bbox 954 2251 1041 2326; x_wconf 59' lang='lat' dir='ltr'>anur-</span> 
     </span>
    </p>
   </div>
   <div class='ocr_carea' id='block_1_6' title="bbox 215 2434 1337 3107">
    <p class='ocr_par' dir='ltr' id='par_1_6' title="bbox 215 2434 1337 2988">
     <span class='ocr_line' id='line_1_17' title="bbox 217 2434 1333 2525; baseline 0.001 -21"><span class='ocrx_word' id='word_1_111' title='bbox 217 2450 220 2455; x_wconf 82' lang='grc'><strong>’</strong></span> <span class='ocrx_word' id='word_1_112' title='bbox 260 2439 369 2524; x_wconf 85' lang='lat' dir='ltr'>Quod</span> <span class='ocrx_word' id='word_1_113' title='bbox 387 2439 481 2505; x_wconf 92' lang='lat' dir='ltr'>bene</span> <span class='ocrx_word' id='word_1_114' title='bbox 500 2434 670 2525; x_wconf 90' lang='lat' dir='ltr'>congruit</span> <span class='ocrx_word' id='word_1_115' title='bbox 686 2455 766 2502; x_wconf 89' lang='lat' dir='ltr'>curn</span> <span class='ocrx_word' id='word_1_116' title='bbox 784 2434 919 2503; x_wconf 88' lang='lat' dir='ltr'>rabidis</span> <span class='ocrx_word' id='word_1_117' title='bbox 940 2435 1115 2503; x_wconf 85' lang='lat' dir='ltr'>Hecubae</span> <span class='ocrx_word' id='word_1_118' title='bbox 1136 2435 1333 2506; x_wconf 86' lang='lat' dir='ltr'>furoribus.</span> 
     </span>
     <span class='ocr_line' id='line_1_18' title="bbox 215 2550 1334 2641; baseline -0.003 -18"><span class='ocrx_word' id='word_1_119' title='bbox 215 2554 289 2623; x_wconf 87' lang='lat' dir='ltr'>Sed</span> <span class='ocrx_word' id='word_1_120' title='bbox 306 2575 352 2620; x_wconf 94' lang='lat' dir='ltr'>en</span> <span class='ocrx_word' id='word_1_121' title='bbox 370 2553 592 2640; x_wconf 86' lang='lat' dir='ltr'>epigramma</span> <span class='ocrx_word' id='word_1_122' title='bbox 610 2559 725 2619; x_wconf 91' lang='lat' dir='ltr'>totum</span> <span class='ocrx_word' id='word_1_123' title='bbox 742 2552 856 2618; x_wconf 91' lang='lat' dir='ltr'>multo</span> <span class='ocrx_word' id='word_1_124' title='bbox 878 2550 1154 2619; x_wconf 90' lang='lat' dir='ltr'>insolentiorem</span> <span class='ocrx_word' id='word_1_125' title='bbox 1175 2554 1334 2641; x_wconf 91' lang='lat' dir='ltr'>speciem</span> 
     </span>
     <span class='ocr_line' id='line_1_19' title="bbox 216 2666 1336 2753; baseline 0 -18"><span class='ocrx_word' id='word_1_126' title='bbox 216 2671 388 2736; x_wconf 85' lang='lat' dir='ltr'>referens.</span> <span class='ocrx_word' id='word_1_127' title='bbox 406 2669 494 2735; x_wconf 90' lang='lat' dir='ltr'>Tres</span> <span class='ocrx_word' id='word_1_128' title='bbox 512 2666 689 2734; x_wconf 92' lang='lat' dir='ltr'>distichos</span> <span class='ocrx_word' id='word_1_129' title='bbox 707 2666 883 2749; x_wconf 90' lang='lat' dir='ltr'>continet,</span> <span class='ocrx_word' id='word_1_130' title='bbox 912 2667 972 2753; x_wconf 95' lang='lat' dir='ltr'>qui</span> <span class='ocrx_word' id='word_1_131' title='bbox 1000 2676 1171 2734; x_wconf 90' lang='lat' dir='ltr'>constant</span> <span class='ocrx_word' id='word_1_132' title='bbox 1194 2690 1240 2736; x_wconf 87' lang='lat' dir='ltr'>ex</span> <span class='ocrx_word' id='word_1_133' title='bbox 1261 2690 1336 2737; x_wconf 92' lang='lat' dir='ltr'>ver·</span> 
     </span>
     <span class='ocr_line' id='line_1_20' title="bbox 215 2781 1337 2870; baseline 0 -18"><span class='ocrx_word' id='word_1_134' title='bbox 215 2785 315 2852; x_wconf 90' lang='lat' dir='ltr'>sibus</span> <span class='ocrx_word' id='word_1_135' title='bbox 336 2782 512 2850; x_wconf 88' lang='lat' dir='ltr'>iambicis.</span> <span class='ocrx_word' id='word_1_136' title='bbox 531 2783 759 2849; x_wconf 91' lang='lat' dir='ltr'>Tetrameter</span> <span class='ocrx_word' id='word_1_137' title='bbox 780 2791 835 2849; x_wconf 90' lang='lat' dir='ltr'>est</span> <span class='ocrx_word' id='word_1_138' title='bbox 856 2781 969 2868; x_wconf 90' lang='lat' dir='ltr'>prior,</span> <span class='ocrx_word' id='word_1_139' title='bbox 996 2793 1101 2870; x_wconf 91' lang='lat' dir='ltr'>atque</span> <span class='ocrx_word' id='word_1_140' title='bbox 1125 2783 1257 2852; x_wconf 91' lang='lat' dir='ltr'>deinde</span> <span class='ocrx_word' id='word_1_141' title='bbox 1281 2785 1337 2852; x_wconf 89' lang='lat' dir='ltr'>tri·</span> 
     </span>
     <span class='ocr_line' id='line_1_21' title="bbox 216 2897 1082 2988; baseline -0.001 -21"><span class='ocrx_word' id='word_1_142' title='bbox 216 2909 342 2982; x_wconf 84' lang='lat' dir='ltr'>meter,</span> <span class='ocrx_word' id='word_1_143' title='bbox 366 2909 519 2986; x_wconf 90' lang='lat' dir='ltr'>uterque</span> <span class='ocrx_word' id='word_1_144' title='bbox 544 2899 780 2966; x_wconf 88' lang='lat' dir='ltr'>catalecticus</span> <span class='ocrx_word' id='word_1_145' title='bbox 804 2898 842 2964; x_wconf 90' lang='lat' dir='ltr'>in</span> <span class='ocrx_word' id='word_1_146' title='bbox 865 2897 1082 2988; x_wconf 80' lang='lat' dir='ltr'>syllabam2.</span> 
     </span>
    </p>

    <p class='ocr_par' dir='ltr' id='par_1_7' title="bbox 260 3006 1332 3107">
     <span class='ocr_line' id='line_1_22' title="bbox 260 3006 1332 3107; baseline 0.003 -25"><span class='ocrx_word' id='word_1_147' title='bbox 260 3016 300 3082; x_wconf 92' lang='lat' dir='ltr'>In</span> <span class='ocrx_word' id='word_1_148' title='bbox 318 3012 516 3102; x_wconf 89' lang='lat' dir='ltr'>imparibus</span> <span class='ocrx_word' id='word_1_149' title='bbox 536 3012 682 3081; x_wconf 90' lang='lat' dir='ltr'>sedibus</span> <span class='ocrx_word' id='word_1_150' title='bbox 696 3013 903 3100; x_wconf 90' lang='lat' dir='ltr'>spondaeus</span> <span class='ocrx_word' id='word_1_151' title='bbox 921 3035 987 3107; x_wconf 91' lang='lat' dir='ltr'>pro</span> <span class='ocrx_word' id='word_1_152' title='bbox 999 3006 1118 3083; x_wconf 90' lang='lat' dir='ltr'>iambo</span> <span class='ocrx_word' id='word_1_153' title='bbox 1132 3017 1332 3104; x_wconf 90' lang='lat' dir='ltr'>accipitur:</span> 
     </span>
    </p>
   </div>
   <div class='ocr_carea' id='block_1_7' title="bbox 216 3174 1333 3362">
    <p class='ocr_par' dir='ltr' id='par_1_8' title="bbox 216 3174 1333 3362">
     <span class='ocr_line' id='line_1_23' title="bbox 216 3174 1075 3258; baseline -0.002 -20"><span class='ocrx_word' id='word_1_154' title='bbox 216 3179 278 3238; x_wconf 93' lang='lat' dir='ltr'>Pes</span> <span class='ocrx_word' id='word_1_155' title='bbox 290 3178 412 3257; x_wconf 91' lang='lat' dir='ltr'>primus</span> <span class='ocrx_word' id='word_1_156' title='bbox 420 3175 598 3238; x_wconf 90' lang='lat' dir='ltr'>tetrametri</span> <span class='ocrx_word' id='word_1_157' title='bbox 606 3175 637 3250; x_wconf 77' lang='grc' dir='ltr'>ἒς</span> <span class='ocrx_word' id='word_1_158' title='bbox 647 3179 718 3258; x_wconf 78' lang='grc' dir='ltr'>πρέσ</span> <span class='ocrx_word' id='word_1_159' title='bbox 729 3208 767 3218; x_wconf 93' lang='grc'>-</span> <span class='ocrx_word' id='word_1_160' title='bbox 781 3176 846 3252; x_wconf 81' lang='grc' dir='ltr'>βυς;</span> <span class='ocrx_word' id='word_1_161' title='bbox 860 3174 998 3235; x_wconf 89' lang='lat' dir='ltr'>trimetri</span> <span class='ocrx_word' id='word_1_162' title='bbox 1009 3176 1075 3252; x_wconf 76' lang='grc' dir='ltr'>ἤδη.</span> 
     </span>
     <span class='ocr_line' id='line_1_24' title="bbox 230 3271 1333 3362; baseline 0.001 -25"><span class='ocrx_word' id='word_1_163' title='bbox 230 3275 403 3338; x_wconf 83' lang='lat' dir='ltr'>—tertius</span> <span class='ocrx_word' id='word_1_164' title='bbox 485 3309 524 3320; x_wconf 97' lang='lat'>—</span> <span class='ocrx_word' id='word_1_165' title='bbox 595 3271 1333 3362; x_wconf 57' lang='grc' dir='ltr'>,παρέρ-πωνμι-κρόπηῒῐὶῐῐιθῒτίτέ-χνᾳκαί.</span> 
     </span>
    </p>
   </div>
   <div class='ocr_carea' id='block_1_8' title="bbox 216 3450 1337 4133">
    <p class='ocr_par' dir='ltr' id='par_1_9' title="bbox 216 3450 1335 3648">
     <span class='ocr_line' id='line_1_25' title="bbox 261 3450 1335 3551; baseline -0.001 -20"><span class='ocrx_word' id='word_1_166' title='bbox 261 3466 302 3531; x_wconf 93' lang='lat' dir='ltr'>ln</span> <span class='ocrx_word' id='word_1_167' title='bbox 315 3465 441 3551; x_wconf 88' lang='lat' dir='ltr'>quinta</span> <span class='ocrx_word' id='word_1_168' title='bbox 457 3465 542 3530; x_wconf 92' lang='lat' dir='ltr'>sede</span> <span class='ocrx_word' id='word_1_169' title='bbox 559 3462 707 3530; x_wconf 90' lang='lat' dir='ltr'>invenio</span> <span class='ocrx_word' id='word_1_170' title='bbox 722 3469 861 3528; x_wconf 89' lang='lat' dir='ltr'>tanturn</span> <span class='ocrx_word' id='word_1_171' title='bbox 875 3450 1027 3529; x_wconf 83' lang='lat' dir='ltr'>iambos.</span> <span class='ocrx_word' id='word_1_172' title='bbox 1043 3459 1152 3544; x_wconf 84' lang='lat' dir='ltr'>Quod</span> <span class='ocrx_word' id='word_1_173' title='bbox 1165 3463 1335 3530; x_wconf 92' lang='lat' dir='ltr'>consulto</span> 
     </span>
     <span class='ocr_line' id='line_1_26' title="bbox 216 3577 785 3648; baseline -0.009 0"><span class='ocrx_word' id='word_1_174' title='bbox 216 3582 350 3648; x_wconf 84' lang='lat' dir='ltr'>factum</span> <span class='ocrx_word' id='word_1_175' title='bbox 373 3579 482 3647; x_wconf 85' lang='lat' dir='ltr'>fuerit</span> <span class='ocrx_word' id='word_1_176' title='bbox 502 3599 625 3646; x_wconf 91' lang='lat' dir='ltr'>annon</span> <span class='ocrx_word' id='word_1_177' title='bbox 647 3577 785 3645; x_wconf 80' lang='lat' dir='ltr'>nescio,</span> 
     </span>
    </p>

    <p class='ocr_par' dir='ltr' id='par_1_10' title="bbox 216 3682 1337 4133">
     <span class='ocr_line' id='line_1_27' title="bbox 259 3682 1337 3780; baseline 0 -17"><span class='ocrx_word' id='word_1_178' title='bbox 259 3699 484 3763; x_wconf 90' lang='lat' dir='ltr'>Tetrameter</span> <span class='ocrx_word' id='word_1_179' title='bbox 514 3714 682 3761; x_wconf 87' lang='lat' dir='ltr'>caesuras</span> <span class='ocrx_word' id='word_1_180' title='bbox 713 3695 823 3759; x_wconf 90' lang='lat' dir='ltr'>habet</span> <span class='ocrx_word' id='word_1_181' title='bbox 851 3691 1165 3778; x_wconf 90' lang='lat' dir='ltr'>penthemimeren</span> <span class='ocrx_word' id='word_1_182' title='bbox 1185 3682 1216 3780; x_wconf 67' lang='grc' dir='ltr'>(ἰ</span> <span class='ocrx_word' id='word_1_183' title='bbox 1243 3704 1281 3761; x_wconf 92' lang='lat' dir='ltr'>et</span> <span class='ocrx_word' id='word_1_184' title='bbox 1303 3696 1337 3780; x_wconf 80' lang='lat'>5)</span> 
     </span>
     <span class='ocr_line' id='line_1_28' title="bbox 217 3796 1337 3898; baseline -0.002 -18"><span class='ocrx_word' id='word_1_185' title='bbox 217 3815 275 3881; x_wconf 93' lang='lat' dir='ltr'>vel</span> <span class='ocrx_word' id='word_1_186' title='bbox 296 3813 409 3880; x_wconf 89' lang='lat' dir='ltr'>solam</span> <span class='ocrx_word' id='word_1_187' title='bbox 430 3810 717 3877; x_wconf 90' lang='lat' dir='ltr'>trithemimeren</span> <span class='ocrx_word' id='word_1_188' title='bbox 738 3810 802 3895; x_wconf 79' lang='lat'>(3).</span> <span class='ocrx_word' id='word_1_189' title='bbox 836 3809 989 3896; x_wconf 86' lang='lat' dir='ltr'>Semper</span> <span class='ocrx_word' id='word_1_190' title='bbox 1015 3817 1070 3876; x_wconf 94' lang='lat' dir='ltr'>est</span> <span class='ocrx_word' id='word_1_191' title='bbox 1092 3796 1226 3876; x_wconf 75' lang='lat' dir='ltr'>&#39;incisio</span> <span class='ocrx_word' id='word_1_192' title='bbox 1253 3822 1337 3898; x_wconf 92' lang='lat' dir='ltr'>post</span> 
     </span>
     <span class='ocr_line' id='line_1_29' title="bbox 216 3924 1337 4014; baseline -0.001 -20"><span class='ocrx_word' id='word_1_193' title='bbox 216 3939 357 3995; x_wconf 87' lang='lat' dir='ltr'>sextum</span> <span class='ocrx_word' id='word_1_194' title='bbox 381 3926 524 4014; x_wconf 90' lang='lat' dir='ltr'>pedem.</span> <span class='ocrx_word' id='word_1_195' title='bbox 547 3928 684 3995; x_wconf 91' lang='lat' dir='ltr'>Versus</span> <span class='ocrx_word' id='word_1_196' title='bbox 705 3924 815 4014; x_wconf 91' lang='lat' dir='ltr'>igitur</span> <span class='ocrx_word' id='word_1_197' title='bbox 838 3925 1033 3993; x_wconf 93' lang='lat' dir='ltr'>resolvitur</span> <span class='ocrx_word' id='word_1_198' title='bbox 1048 3924 1085 3992; x_wconf 94' lang='lat' dir='ltr'>in</span> <span class='ocrx_word' id='word_1_199' title='bbox 1102 3924 1283 3993; x_wconf 84' lang='lat' dir='ltr'>senarium</span> <span class='ocrx_word' id='word_1_200' title='bbox 1302 3937 1337 3993; x_wconf 91' lang='lat' dir='ltr'>et</span> 
     </span>
     <span class='ocr_line' id='line_1_30' title="bbox 218 4027 1188 4133; baseline -0.011 -21"><span class='ocrx_word' id='word_1_201' title='bbox 218 4044 403 4133; x_wconf 88' lang='lat' dir='ltr'>dipodiam</span> <span class='ocrx_word' id='word_1_202' title='bbox 425 4027 686 4110; x_wconf 86' lang='lat' dir='ltr'>catalecticam.</span> <span class='ocrx_word' id='word_1_203' title='bbox 1186 4052 1188 4056; x_wconf 82' lang='lat'>·</span> 
     </span>
    </p>
   </div>
   <div class='ocr_carea' id='block_1_9' title="bbox 260 4208 890 4344">
    <p class='ocr_par' dir='ltr' id='par_1_11' title="bbox 260 4208 890 4344">
     <span class='ocr_line' id='line_1_31' title="bbox 261 4208 890 4275; baseline -0.006 -13"><span class='ocrx_word' id='word_1_204' title='bbox 261 4229 283 4262; x_wconf 83' lang='grc' dir='ltr'>ι.</span> <span class='ocrx_word' id='word_1_205' title='bbox 302 4214 344 4261; x_wconf 84' lang='lat' dir='ltr'>Cl.</span> <span class='ocrx_word' id='word_1_206' title='bbox 360 4210 534 4267; x_wconf 79' lang='lat' dir='ltr'>Knaackium,</span> <span class='ocrx_word' id='word_1_207' title='bbox 547 4211 602 4268; x_wconf 81' lang='lat' dir='ltr'>AL,</span> <span class='ocrx_word' id='word_1_208' title='bbox 615 4217 633 4258; x_wconf 90' lang='lat' dir='ltr'>t.</span> <span class='ocrx_word' id='word_1_209' title='bbox 647 4211 679 4266; x_wconf 92' lang='lat'>11,</span> <span class='ocrx_word' id='word_1_210' title='bbox 692 4227 718 4273; x_wconf 87' lang='lat' dir='ltr'>p.</span> <span class='ocrx_word' id='word_1_211' title='bbox 734 4209 794 4267; x_wconf 83' lang='lat'><strong>526,</strong></span> <span class='ocrx_word' id='word_1_212' title='bbox 810 4224 834 4257; x_wconf 83' lang='lat' dir='ltr'>a.</span> <span class='ocrx_word' id='word_1_213' title='bbox 849 4208 890 4275; x_wconf 84' lang='lat'>37.</span> 
     </span>
     <span class='ocr_line' id='line_1_32' title="bbox 260 4287 427 4344; baseline -0.012 -6"><span class='ocrx_word' id='word_1_214' title='bbox 260 4305 285 4338; x_wconf 70' lang='grc' dir='ltr'>α.</span> <span class='ocrx_word' id='word_1_215' title='bbox 304 4287 427 4344; x_wconf 78' lang='lat' dir='ltr'>X111,23.</span> 
     </span>
    </p>
   </div>
   <div class='ocr_carea' id='block_1_10' title="bbox 0 0 1436 4868">
    <p class='ocr_par' dir='ltr' id='par_1_12' title="bbox 0 0 1436 4868">
     <span class='ocr_line' id='line_1_33' title="bbox 0 0 1436 4868; baseline 0 0"><span class='ocrx_word' id='word_1_216' title='bbox 0 0 1436 4868; x_wconf 95' lang='lat' dir='ltr'> </span> 
     </span>
    </p>
   </div>
  </div>
 </body>
</html>
