2864 4868
203 389 248 459 68
395 410 658 474 isemerinus,
688 408 1130 474 vos1urnnus,uaovrus.

202 571 336 618 nomen
367 551 593 620 adscribunt.
634 550 766 633 Ἐξέπιεν
797 552 895 639 (AC.
925 553 952 634 l,
983 551 1064 636 115)
1094 551 1139 617 de
1170 549 1320 616 muliere

201 669 332 755 gulosa
345 667 435 734 dixit
448 668 626 754 Hedylus.
643 667 836 736 Callistion
850 689 944 755 quae
962 688 1042 734 cum
1056 665 1144 734 viris
1159 665 1321 734 bibendo

203 783 463 865 contendebat,
488 785 598 851 semel
620 794 693 851 tres
717 782 871 873 congios
896 781 1022 850 ebibit.
1049 781 1107 848 Ob
1132 783 1203 847 hoc
1226 800 1323 867 prae-

203 899 340 966 clarum
362 899 503 967 facinus
523 899 658 967 Veneri
679 899 834 968 vitreum
855 921 921 967 vas
942 898 1096 965 dedicat.

246 1014 285 1084 Si
296 1014 447 1083 editioni
462 1014 644 1103 parisinae
657 1014 765 1083 fidem
783 1017 919 1083 habere
934 1034 1137 1102 possemus,
1154 1012 1321 1101 Hedylus

202 1131 348 1199 modum
366 1131 567 1219 optativum
583 1132 621 1198 in
638 1153 745 1199 versu
762 1131 957 1219 posuisset,
975 1129 1039 1197 ubi
1062 1139 1162 1197 certe
1179 1128 1320 1197 solutae

203 1246 380 1320 orationis
396 1246 553 1334 scriptor
567 1255 600 1316 ἄν
617 1246 913 1334 conjunctionem
931 1245 1164 1313 addidisset1.

252 1360 384 1447 Ἑστήκω
398 1385 473 1431 non
486 1363 616 1431 inscite
631 1363 833 1430 collocatur
844 1362 937 1449 (AC.
951 1361 1011 1445 Ill,
1024 1360 1083 1450 78)
1096 1361 1134 1428 in
1148 1361 1323 1451 epigram·
1396 1389 1398 1402 ¹

201 1486 297 1547 mate
327 1479 528 1568 Posidippi.
555 1479 734 1567 Loquitur
761 1479 899 1568 effigies
924 1477 1075 1567 parasiti
1097 1477 1319 1568 Theugenis,

203 1593 386 1681 dicitque:
414 1597 500 1662 ‹Me
519 1597 624 1663 decet
645 1595 704 1662 hic
726 1615 925 1677 remanere,
945 1602 1078 1662 statum
1101 1602 1319 1676 servantem,

202 1719 237 1776 et
258 1731 374 1797 usque
397 1732 541 1778 manum
565 1710 858 1799 porrigentem.»

246 1826 429 1895 Infinitivo
452 1827 567 1894 nostri
591 1827 648 1894 usi
679 1836 764 1895 sunt
790 1849 865 1895 non
891 1827 969 1896 sine
994 1827 1157 1897 audacia.
1184 1828 1321 1896 Notare

203 1942 376 2010 debemus
400 1944 498 2030 apud
525 1941 764 2030 Posidippum
786 1950 871 2032 βορὸς
891 1960 988 2032 φαγεῖν
1015 1943 1107 2029 (AC.
1126 1946 1170 2025 V,
1195 1945 1262 2029 15),
1287 1953 1323 2010 et

203 2059 300 2146 apud
323 2058 505 2147 Hedylum
531 2070 558 2128 αἱ
581 2067 688 2147 rapturi
710 2063 779 2140 τόξα
803 2076 898 2148 φυγεῖν
924 2068 1022 2149 ἔλαφοι
1046 2060 1100 2146 (S,
1122 2061 1169 2144 5).

246 2173 309 2241 Sic
334 2174 572 2262 Asclepiades
601 2184 637 2241 et
662 2173 739 2260 ejus
763 2174 933 2262 discipuli
959 2175 1161 2243 orationem
1184 2176 1322 2243 habent

203 2299 238 2356 et
266 2290 457 2372 Graecam,
481 2298 518 2358 et
541 2311 650 2378 saepe
676 2290 906 2374 laudandam,
933 2313 1043 2378 quum
1067 2291 1321 2378 unusquisque

202 2404 392 2495 ingeniose
409 2428 484 2473 rem
505 2406 697 2489 ministret,
716 2428 836 2494 neque
858 2406 1009 2475 nimium
1031 2407 1168 2474 severis
1190 2427 1321 2493 prosae

202 2522 344 2612 legibus
373 2522 633 2613 adstringatur.
658 2523 775 2589 Multa
796 2544 883 2592 vero
910 2523 964 2590 illi
985 2523 1102 2592 vitant
1131 2544 1223 2610 quae
1253 2521 1323 2590 sibi

203 2639 388 2728 arrogavit
418 2639 651 2726 Apollonius,
685 2637 836 2706 Homeri
867 2638 1023 2729 vestigia
1055 2659 1252 2727 premens:
1281 2647 1322 2704 ut

202 2777 312 2822 unum
330 2755 533 2843 exemplum
551 2755 697 2823 afferam
713 2775 788 2822 non
805 2777 942 2843 paucos
964 2755 1130 2823 invenies
1151 2753 1189 2821 in
1207 2756 1324 2842 Argo·

202 2871 357 2939 nauticis
373 2870 556 2960 genitivos
580 2880 689 2959 atque
713 2872 939 2941 accusativos
962 2871 1046 2942 loci.
1072 2872 1176 2956 Quae
1200 2871 1323 2938 omnia

203 2986 240 3053 in
258 2987 527 3076 epigrammatis
549 2987 799 3075 displicerent,
817 3010 899 3055 nam
920 2986 1119 3077 grandiora
1140 3008 1182 3054 ac
1204 3007 1321 3073 paene

204 3102 347 3192 turgida
362 3103 584 3171 viderentur.
603 3104 732 3191 Neque
750 3125 863 3191 parva
879 3104 958 3172 laus
974 3103 1110 3172 nostris
1126 3101 1323 3170 tribuenda

204 3228 260 3285 est
282 3241 392 3306 quum
414 3219 588 3288 sciverint

344 3389 530 3470 Descriptas
552 3407 680 3450 servare
700 3388 790 3451 vices
811 3407 1011 3469 operumque
1034 3389 1171 3452 colores.

249 3603 270 3639 1.
289 3591 344 3641 Ac.
357 3591 401 3649 lv,
415 3587 448 3641 26
460 3589 581 3653 (Hedyl.)
599 3589 688 3638 scribit
699 3589 826 3652 Cougny:
842 3590 913 3642 ...καὶ
925 3590 971 3657 γάρ
987 3608 1011 3642 τι
1027 3594 1084 3657 παρ’
1098 3588 1161 3642 οἶνον
1178 3586 1321 3656 εὕροιμεν...

206 3666 271 3724 ἔπος,
284 3667 330 3715 sed
340 3668 433 3725 melius
445 3673 484 3716 est
495 3664 585 3733 εὕροιμ’
599 3666 637 3718 ἄν.
658 3671 662 3678 ’
