2864 4868
170 401 210 449 22
357 397 620 458 ASCLEPIADES‚
647 397 877 459 POSIDIPPUS,
904 396 1092 448 HEDYLUS.

211 542 285 611 Sed
302 562 344 609 ea
359 561 433 608 non
451 541 529 627 pari
543 539 676 609 fiducia
696 512 912 628 accipienda
927 549 1026 622 sunt,
1046 561 1158 629 quum
1174 563 1285 630 saepe

168 661 212 727 de
227 657 435 725 nominibus
448 665 636 724 auctorum
648 656 835 745 ambigant
844 658 903 724 vel
916 666 1038 724 errent
1051 657 1282 727 scholiastae.

168 775 301 860 Quare,
320 784 360 841 ut
376 773 413 839 in
430 772 545 856 firmo,
567 782 607 840 ut
625 773 676 840 ita
696 772 825 855 dicam,
852 773 931 840 solo
953 774 1155 841 consistere
1172 774 1285 862 possi·

170 911 261 973 mua,
296 891 340 956 de
373 888 491 956 dubiis
522 887 687 956 versibus
717 887 981 956 disserendum.
1014 889 1123 975 Quod
1156 889 1286 959 faciam

166 1008 365 1076 secundum
390 1004 553 1073 ordinem
579 1004 749 1072 editionis
773 1003 971 1072 Parisinae.

209 1238 284 1306 ΑΡ.
304 1239 347 1320 V,
373 1260 392 1327 7
413 1239 542 1324 (Poeta
564 1238 731 1327 lampada
755 1247 923 1325 precatur
950 1238 1035 1326 quia
1060 1238 1206 1327 perjura
1231 1250 1286 1308 est

165 1352 392 1439 Heraclaea).
426 1352 657 1442 Epigramma
684 1353 926 1439 Asclepiadae
959 1353 1127 1421 tribuunt
1163 1355 1286 1423 scriba

165 1469 328 1557 variique
358 1468 530 1537 editores.
558 1469 632 1538 Sed
659 1490 773 1556 nuper
800 1468 1095 1537 commenticium
1120 1491 1202 1538 esse
1227 1492 1284 1539 au·

164 1587 277 1654 ctoris
311 1607 445 1653 nomen
480 1585 696 1653 monstravit
730 1584 1051 1652 Stadtmullerus1.
1084 1587 1283 1674 Nunquam

164 1702 325 1770 cantavit
351 1702 587 1770 Heraclaeam
613 1688 995 1788 Asclepiades.'Hane
1019 1710 1149 1770 contra
1173 1704 1283 1770 domi·

163 1839 244 1886 nam
271 1817 396 1885 habuit
418 1819 469 1884 M.
499 1816 750 1908 Argentarius.
780 1818 973 1884 Praeterea
1000 1819 1113 1885 verba
1139 1828 1283 1908 παρέανσα

162 1943 221 2023 τρίς
249 1941 445 2001 commutat
472 1932 527 2001 vir
552 1934 692 2017 doctus,
724 1931 886 2022 legitque
920 1938 1060 2022 πτάραντα
1086 1942 1144 2023 τρίς
1182 1936 1282 2021 quod

162 2048 250 2116 mire
270 2047 440 2139 congruit
455 2068 536 2115 cum
552 2047 624 2115 alio
644 2068 750 2115 versu
778 2068 885 2133 quem
906 2046 943 2112 in
962 2046 1174 2136 Argentarii
1199 2071 1284 2137 ope·

163 2164 263 2233 ribus
280 2163 491 2253 reperimus.

201 2344 234 2392 11.
246 2371 273 2381 -
286 2345 467 2406 Asclepiadae.

467 2419 529 2474 ...Ὂ
540 2421 581 2473 καὶ
592 2421 663 2478 κυνὸς
673 2425 779 2472 καλοῦσι
790 2419 914 2486 δνσμδραν
926 2425 1004 2486 σῆμα.

202 2509 345 2559 servavere
357 2511 476 2566 Tzetzes‚
485 2511 519 2559 ad
530 2510 728 2571 Lycophronem
742 2508 803 2566 315,
811 2515 837 2559 et
849 2508 996 2558 Scholiasta
1008 2509 1142 2571 Euripidis
1153 2509 1281 2560 Hecubae

160 2586 194 2633 ad
205 2599 308 2633 versum
324 2585 399 2636 1255.
412 2588 454 2635 Cf.
469 2586 612 2648 Berginium
624 2586 642 2632 l.
656 2587 674 2632 1.

202 2674 246 2722 111.
259 2701 286 2710 —
299 2675 442 2736 Posidippi.

437 2805 501 2862 olet
512 2809 638 2871 Λυκαονίη
650 2808 735 2866 δέξατό
747 2828 776 2860 σε
788 2810 866 2870 zelir„

407 2879 484 2932 Ἀλλὰ
495 2880 563 2946 παρὰ
575 2886 671 2956 πραχθῇ
682 2882 815 2945 Σιμοεντίδι
826 2879 898 2931 τοῦτδ
910 2899 950 2931 σοι
962 2878 1058 2946 Ἕκτωρ

439 2957 510 3017 Σῆμα
520 2953 563 3004 καὶ
573 2947 714 3019 ἀγχέμαχοι
726 2954 793 3004 θέντα
805 2954 964 3005 Λυκαονίδαι.

200 3049 322 3098 Servavit
334 3049 482 3110 Stephanus
494 3050 638 3112 Byzantius
650 3050 684 3098 ad
695 3054 803 3100 verbum
816 3051 911 3104 Ζέλεια.
927 3051 968 3098 Cf.
981 3051 1125 3113 Bergkium
1137 3050 1155 3100 l.
1167 3052 1185 3103 l.

201 3139 245 3187 IV.
256 3167 284 3176 —
296 3140 441 3202 Posidippi.

404 3223 469 3281 Οὐδὲ
484 3248 521 3280 τοι
539 3224 671 3296 αἰκρδννχοι
688 3230 781 3297 ψυχραὶ
797 3229 896 3281 δύνουσι
913 3229 1024 3282 Πέλειαι.

200 3323 323 3373 Servavit
346 3324 503 3395 Athenaeus,
528 3325 572 3382 XI,
590 3341 649 3392 491,
674 3327 711 3375 C:
733 3327 972 3384 ...Ποσειδίππος...
993 3320 1018 3376 ἓν
1037 3332 1067 3403 τῇ
1087 3327 1210 3400 Ἀσωπίαν.
1232 3330 1273 3379 Cf.

157 3399 328 3457 Knaackium,
342 3399 397 3457 AL,
410 3407 427 3449 t.
441 3400 473 3457 11,
487 3416 512 3461 p.
528 3399 588 3458 532,
600 3416 624 3451 a.
637 3399 678 3452 68.

197 3487 228 3535 V.
247 3488 396 3552 Hedyli(ut
407 3489 528 3549 videtur).

404 3577 465 3645 Ἱραὶ
477 3583 511 3646 τῷ
522 3580 617 3647 Φοίδῳ,
629 3581 720 3632 πολλὸν
732 3581 772 3634 διὰ
783 3588 851 3647 κῦμα
862 3581 963 3633 θέουσαι

433 3655 556 3716 Ἦλθομεν
567 3652 592 3704 αἱ
602 3655 700 3719 ruperat
711 3652 768 3710 τόξα
780 3662 860 3718 φυγεῖν
872 3655 968 3718 ἔλαφοι·

401 3722 493 3787 Μαρίαν
505 3719 607 3789 ἀνδράσι
620 3727 702 3788 θαῦμα
713 3734 774 3776 νοεῖν
785 3726 861 3790 πάρα,
876 3734 927 3780 πῶς
938 3720 1067 3776 &videorne

431 3797 516 3857 Χεῡμα
527 3796 556 3844 δι’
569 3790 678 3860 εἷαρινῶν
690 3789 825 3860 ἓδράμομεν
837 3795 950 3861 ζεφύρων.

195 3879 316 3927 Servavit
328 3879 430 3935 Strabo,
444 3881 512 3938 XIV,
524 3896 582 3942 cap.
594 3883 639 3938 Vl,
652 3882 769 3931 addens:
787 3884 829 3935 eto·
846 3883 952 3941 Ἡδύλος
968 3878 1033 3935 ἐστίν
1049 3889 1097 3941 (sc.
1114 3890 1214 3944 auctor)
1228 3886 1270 3938 εἴθ’

153 3956 277 4007 ὁστισοῦν.
284 3957 342 4004 Duo
351 3956 456 4004 distichi
464 3958 603 4017 separatim
613 3958 761 4015 laudantur,
770 3958 816 4006 sed
824 3962 890 4009 alter
899 3961 1009 4008 alterum
1018 3961 1151 4021 aptissime
1163 3962 1270 4022 excipit.

199 4046 219 4080 1.
235 4033 406 4091 Jahrbilclrer
417 4031 472 4095 silr
488 4034 644 4094 Philologie
663 4036 719 4081 und
736 4035 923 4096 Paedagogik‚
936 4042 955 4083 t.
971 4032 1028 4099 143,
1049 4051 1075 4096 p.
1091 4033 1154 4090 333;
1172 4038 1206 4084 cf.
1219 4039 1268 4098 epi·

154 4113 300 4169 grammata
316 4107 477 4169 Argentarii,
493 4108 549 4155 ΑΡ.
566 4109 598 4164 V,
619 4107 649 4158 16
667 4115 692 4157 et
707 4109 751 4165 Vl,
770 4108 829 4167 333,
847 4111 891 4159 ubi
908 4112 1020 4172 legimus
1038 4127 1043 4159 :

481 4199 610 4262 ...φίλτατε
621 4198 703 4263 λύχνε,
716 4201 762 4266 τρὶς
774 4201 906 4266 insuper...

151 4285 180 4333 In
197 4285 326 4350 poematio
342 4286 386 4342 IX,
405 4283 463 4349 554,
480 4286 548 4335 inest
564 4301 658 4335 nomen
673 4288 815 4336 meretricis
832 4288 984 4337 Heracleae.
