2864 4868
205 390 250 461 74
396 357 659 448 Ascnarmoas,
687 384 917 448 posrorrnos,
944 386 1132 436 uaoucus,

204 531 321 616 Quam
342 527 479 614 lepide!
505 527 610 595 Sales
632 525 833 593 elocutioni
855 526 1010 594 afferunt
1032 537 1068 595 et
1087 528 1324 616 grammatica

203 656 240 712 et
256 666 382 713 versus
402 642 643 711 conformatio
659 658 683 709 ¹.
707 643 757 709 At
778 663 862 709 mox
883 643 971 710 iram
993 643 1129 731 excipit
1149 644 1321 712 taedium.

203 762 313 829 Plura
329 771 414 827 sunt
430 781 537 847 quam
559 768 598 826 ut
615 780 688 826 uno
707 757 765 825 die
780 759 965 826 recenseri
981 759 1135 847 possint.
1151 760 1324 829 Rationes

153 955 157 962 ,
203 875 327 964 abjicit
343 885 473 964 poeta:

382 1034 483 1118 Αὔριον
498 1036 567 1097 αὐτὰ
582 1036 681 1110 καλῶς
694 1037 904 1117 λεγιοὺμεθα...

204 1225 327 1293 Currit
344 1223 537 1305 sententia,
555 1223 690 1311 gaudet
703 1222 943 1309 Asclepiades
956 1224 1118 1291 excussis
1134 1225 1324 1308 molestiis,

203 1322 314 1428 atque‘
338 1340 413 1426 jam
445 1339 729 1428 compotationis
760 1338 945 1406 lasciviam
981 1340 1257 1426 praenuntians,
1284 1342 1325 1408 in
1393 1421 1395 1426 Ι

203 1454 482 1544 unguentariam
504 1458 632 1544 Αἵσχραν
660 1457 958 1522 subobscoenum
978 1454 1104 1542 jocum
1127 1456 1241 1524 addit.

248 1575 289 1640 In
311 1572 418 1640 titulo
445 1571 611 1660 naufragi
625 1586 652 1655 ²,
671 1570 727 1638 vir
747 1570 806 1638 vel
830 1570 1034 1638 exstinctus
1048 1573 1189 1662 *fluctus
1209 1594 1326 1660 usque

204 1698 380 1777 provocat
402 1697 439 1755 et
463 1688 685 1755 reformidat.
710 1687 795 1754 Non
818 1687 1040 1754 mediocrem
1062 1688 1226 1775 leporem
1251 1689 1327 1776 epi-

202 1826 362 1894 gramma
384 1826 403 1870 e
424 1812 624 1894 προσωπεπείᾳ
645 1803 765 1870 sumit.
790 1804 894 1888 Quae
916 1824 1059 1891 semper
1078 1804 1325 1891 Asclepiaden

197 1921 311 2006 juvat,
327 1920 511 1986 hominem
527 1920 741 1987 acerrimum
755 1928 792 1986 et
808 1928 938 1987 natura
949 1904 1219 1988 vehementem.
1229 1922 1327 1989 Non·

201 2036 321 2103 nullas
347 2043 572 2102 mortuorum
600 2034 705 2103 fictas
727 2036 914 2102 orationes
943 2035 981 2101 in
1009 2035 1122 2103 Samii
1144 2038 1326 2122 poematis

201 2151 342 2218 videbis
356 2147 382 2216 3.
407 2151 468 2218 Sic
490 2149 587 2217 filius
612 2151 864 2239 Melesagorae
885 2150 1067 2238 hospitem
1090 2162 1263 2238 precatur
1285 2163 1325 2219 ut

203 2268 297 2354 patri
317 2265 484 2333 nuntium
501 2266 641 2333 tristem
659 2267 762 2333 ferat.
782 2265 922 2333 Pariter
940 2253 1174 2334 ostenditur4
1192 2289 1326 2356 magna

202 2382 356 2450 Virtutis
379 2382 500 2471 imago
523 2382 561 2449 in
586 2383 723 2448 tumulo
747 2380 869 2469 Ajacis
893 2381 1084 2475 plorantia.
1108 2383 1212 2468 Quae
1236 2384 1325 2451 dicit

201 2498 278 2565 viro
292 2498 353 2565 tali
367 2520 443 2565 non
456 2497 607 2585 indigna
621 2507 715 2564 sunt.
731 2498 816 2564 Non
832 2498 928 2564 enim
947 2496 1033 2583 quia
1048 2498 1158 2564 heros
1173 2498 1325 2584 perierit

203 2614 271 2679 dea
292 2612 404 2702 luget,
425 2615 490 2681 sed
514 2613 599 2699 quia
624 2611 768 2680 devicta
788 2612 899 2706 luerit
917 2636 939 2679 a
960 2614 1069 2680 Dolo

246 2728 420 2794 Libenter
431 2727 470 2794 in
484 2719 710 2795 Graecorum
725 2727 840 2795 titulis
852 2730 964 2796 verba
976 2727 1160 2796 faciebant
1173 2732 1323 2798 umbrae

200 2852 425 2932 mortuorum
445 2842 529 2928 quia
547 2843 679 2910 divinis
700 2845 902 2911 honoribus
923 2844 1110 2936 praeditae
1127 2844 1238 2913 vitam
1255 2849 1321 2914 sub

201 2969 297 3026 terra
328 2961 518 3026 obscuram
553 2960 687 3047 degere
719 2963 954 3046 putabantur.
983 2961 1169 3030 Audacius
1197 2964 1322 3030 Ascle·

196 3076 326 3163 ‘piades
351 3076 498 3143 dicendi
525 3085 745 3163 potestatem
767 3076 824 3143 vel
853 3097 1033 3162 personae
1062 3076 1237 3160 comicae,
1264 3079 1322 3146 vel

199 3190 409 3258 Antimachi
433 3191 526 3284 libro
543 3191 643 3258 dedit
656 3189 682 3257 5.
703 3193 754 3258 At
770 3212 813 3257 ea
830 3213 977 3278 quoque
999 3214 1080 3259 cum
1096 3192 1321 3263 Graecorum

200 3306 465 3389 consuetudine
487 3305 770 3374 conveniebant.
789 3309 956 3394 Namque
977 3307 1078 3395 prius
1098 3308 1322 3397 epigramma

198 3421 467 3490 inscribebatur
490 3423 650 3491 donariis
666 3423 724 3489 vel
745 3422 887 3506 statuis,
906 3432 1016 3514 atque
1038 3445 1185 3492 carmen
1206 3426 1321 3517 ipsius

200 3537 251 3604 rei
274 3539 377 3624 quasi
397 3561 469 3606 vox
494 3548 582 3606 erat.

244 3653 312 3720 His
324 3655 367 3720 de
382 3652 500 3720 causis
513 3654 725 3740 frequenter
736 3654 884 3722 adhibet
893 3656 1132 3744 Asclepiades
1141 3658 1319 3727 orationis

198 3766 344 3856 figuras
373 3789 465 3854 quae
496 3770 671 3836 tumultus
700 3770 809 3837 animi
838 3771 1033 3861 effingunt;
1065 3773 1320 3863 interrogatio-

243 3977 265 4010 r.
282 3962 320 4009 De
332 3963 381 4009 hoc
392 3977 471 4010 versu
482 3964 517 4010 cf.
529 3964 616 4023 infra,
630 3979 656 4025 p.
671 3962 713 4028 93.

240 4052 265 4085 2.
282 4038 337 4085 ΑΡ.
350 4037 407 4093 VII,
420 4037 480 4100 284.

240 4112 263 4161 3.
281 4113 337 4162 ΑΡ.
350 4113 407 4169 VII,
421 4112 482 4162 500.

236 4200 261 4244 4.
279 4188 335 4234 ΑΡ.
347 4188 403 4244 vn,
422 4186 480 4250 145.

240 4260 264 4311 5.
282 4261 476 4325 AP.V1,308;
493 4264 537 4320 IX,
551 4261 595 4313 63.
