2864 4868
156 341 195 407 18
342 350 862 419 nscrnrmnus,r>omn1r³1>m,
890 350 1076 400 nsovnus.

154 519 321 565 acervum
352 496 520 583 conjecta
549 497 704 579 fuerant,
737 505 777 561 ut
807 494 856 562 ait
887 493 944 561 vir
971 495 1113 575 doctus,
1143 491 1272 559 Ascle·

154 613 295 702 piadae‚
314 612 505 700 Posidippi
518 621 626 698 atque
641 610 777 698 Hedyli
793 631 917 696 opera.
933 609 1035 675 Haec
1049 608 1160 696 igitur
1174 616 1273 674 esset

154 727 269 815 prima
301 727 538 816 Anthologia,
571 728 831 815 Meleagerque
864 726 1079 793 Gadarenus
1109 723 1274 791 imitator

154 853 357 932 appareret.

199 962 258 1029 Me
291 982 377 1029 vero
409 961 447 1029 in
483 960 755 1050 persuasionem
794 981 869 1027 non
905 958 1045 1028 inducit
1081 955 1274 1045 ingeniosa

154 1076 326 1144 Germani
361 1076 550 1164 scriptoris
581 1074 803 1161 conjectura.
836 1078 965 1161 Neque
994 1095 1073 1142 eam
1100 1071 1273 1161 probavit

155 1192 374 1261 Knaackius.
401 1192 474 1278 Qui
496 1201 616 1260 tamen
639 1191 812 1258 libentius
836 1190 1082 1278 Asclepiaden
1106 1198 1142 1255 et
1170 1187 1272 1256 Posi·

156 1310 303 1397 dippum
336 1329 410 1376 una
442 1310 636 1377 conclusos
667 1307 777 1374 fuisse
815 1307 1064 1375 arbitraretur.
1096 1304 1146 1372 At
1182 1304 1274 1372 illud

156 1445 301 1511 quoque
324 1424 492 1513 accipere
513 1446 670 1512 nequeo

198 1543 363 1628 Namque
390 1545 481 1630 Σωρῷ
505 1541 650 1623 inerant
672 1550 810 1609 tantum
835 1539 1094 1629 inscriptiones
1116 1538 1154 1606 in
1177 1547 1275 1607 vete·

157 1678 215 1724 res
245 1658 388 1725 heroas
421 1657 525 1742 Quae
555 1657 651 1724 enim
687 1658 948 1746 epigrammata
978 1678 1023 1723 ex
1053 1678 1096 1723 ea
1128 1656 1272 1744 sylloge

156 1774 371 1861 deprompta
398 1773 582 1841 noscimus
607 1774 650 1841 de
674 1774 800 1841 Beriso
826 1775 1071 1859 Pandaroque
1096 1781 1269 1839 tractant.

158 1889 353 1956 Praeterea
383 1909 447 1955 cur
470 1889 691 1977 Posidippus
717 1887 882 1979 ignotum
905 1888 1088 1955 hominem
1106 1886 1274 1954 Berisum

156 2004 389 2086 laudavisset,
412 2003 483 2071 nisi
500 2026 626 2072 omnes
646 2027 719 2072 uno
740 2004 832 2071 libro
855 2003 1078 2093 conjungere
1096 2003 1274 2072 voluisset

55 2141 57 2147 ’
156 2142 343 2209 personas,
381 2143 472 2208 quae
506 2121 545 2189 in
574 2121 726 2188 Homeri
756 2120 923 2188 versibus
954 2121 1276 2188 memorabantur?

156 2236 342 2322 Ejusmodi
365 2238 502 2324 sylvam
524 2239 701 2306 habemus
725 2236 784 2305 cui
809 2259 943 2306 nomen
967 2237 1177 2304 inscribitur
1197 2235 1275 2303 Ari·

158 2353 299 2420 stotelis
326 2355 473 2440 Peplus.

202 2469 303 2554 Quae
321 2492 430 2556 quum
452 2471 503 2538 ita
522 2470 606 2554 sint,
625 2471 727 2538 nulla
743 2480 798 2537 est
819 2491 929 2538 causa
944 2491 1009 2537 cur
1027 2469 1274 2558 Asclepiaden

154 2584 342 2674 Posidippi
383 2588 680 2654 contubernalem
719 2586 905 2654 faciamus.
946 2588 1081 2655 Eorum
1122 2585 1270 2673 quidem

154 2701 303 2769 nomina
333 2703 479 2788 saepius
504 2701 608 2789 juxta
637 2712 825 2789 ponuntur
857 2703 895 2769 in
926 2702 1165 2790 Anthologia.
1197 2701 1273 2769 Sed

158 2817 280 2885 omnia
297 2827 465 2905 poemata
482 2817 620 2906 duplici
641 2818 809 2886 lemmate
826 2818 998 2886 distincta
1018 2818 1056 2884 in
1076 2818 1273 2899 amoribus,

157 2934 255 3017 vinu,
291 2933 616 3021 meretricibusque
646 2944 850 3002 versantur.
877 2936 998 3020 Quare
1025 2935 1164 3000 nullum
1191 2933 1277 3000 inde

159 3059 414 3139 argumentum
432 3050 564 3118 elicere
581 3072 784 3138 possumus,
803 3060 912 3138 atque
929 3072 1005 3118 non
1022 3071 1102 3117 raro
1119 3047 1278 3116 Palatini

161 3167 299 3234 codicis
332 3166 550 3235 lemmatista
581 3178 749 3234 auctores
774 3167 812 3233 in
838 3167 1050 3235 societatem
1078 3175 1187 3235 vocat
1215 3165 1278 3253 qui

159 3283 353 3372 separatim
381 3306 494 3371 opera
518 3293 819 3371 proposuerant1.

203 3401 305 3467 Unus
327 3400 440 3489 igitur
463 3400 684 3487 Posidippus
708 3403 808 3488 Σωρὸν
831 3400 930 3467 fecit.
957 3400 1010 3467 Ita
1031 3421 1118 3469 vero
1143 3399 1276 3467 librum

162 3515 358 3602 inscripsit,
382 3515 467 3602 quia
487 3515 525 3582 in
546 3537 589 3583 eo
614 3518 907 3604 congerebantur
923 3516 1195 3605 epigrammata,
1218 3516 1277 3583 vel

159 3631 312 3698 fortasse
345 3633 430 3718 quia
464 3634 599 3700 multos
635 3632 741 3699 simul
774 3641 983 3700 cantaverat
1011 3630 1159 3718 Trojani
1189 3629 1277 3698 belli

159 3749 301 3815 heroas.
336 3747 483 3815 Addere
516 3769 661 3837 quoque
695 3757 842 3836 oportet
873 3769 945 3815 una
981 3756 1120 3815 tantum
1157 3745 1279 3813 littera

162 3862 350 3930 immutata
377 3885 396 3929 e
423 3866 524 3951 Σωρὸς
554 3862 632 3929 fieri
660 3866 754 3952 Σορὸς
784 3865 882 3951 quod
910 3874 965 3931 est
990 3864 1197 3952 sepulcrum
1219 3863 1278 3930 vel

202 4110 223 4144 1.
238 4095 297 4158 Jam
309 4095 518 4152 Stadtmullerus,
530 4096 557 4143 ni
569 4096 656 4152 fallor,
669 4095 808 4144 arbitratus
820 4103 859 4146 est
868 4097 1061 4145 Reitzensteinii
1070 4096 1218 4157 opinionem
1227 4110 1280 4145 non

160 4172 269 4219 multum
285 4171 408 4232 praesidii
420 4171 523 4221 habere.
542 4171 585 4218 Cf.
601 4173 775 4230 Jahrbrlcher
790 4175 834 4220 for
852 4174 1004 4233 Philologie
1019 4173 1076 4220 und
1086 4173 1277 4234 Paedagogik,

161 4252 180 4294 t.
198 4262 245 4314 147
258 4245 358 4312 (1893),
371 4262 397 4309 p.
411 4244 463 4312 673
476 4263 531 4309 sqq.
