2864 4868
154 367 199 458 98
344 387 606 452 asctsmuus,
634 383 863 450 Postumus,
890 386 1076 436 ussurus.

200 529 457 620 Corripiuntur
467 553 611 620 quoque
625 533 722 619 apud
737 530 1014 618 Posidippumt„
1026 534 1164 618 ἐρωμένη,
1179 539 1265 616 ψυχή,

156 647 284 735 Δωρίχα,
315 648 464 734 Θευγένει,
496 647 594 735 apud
617 647 800 734 Hedylum
826 656 855 730 ἤ.
886 644 947 714 Nil
975 645 1046 711 tale
1076 644 1114 710 in
1146 645 1269 712 Ascle·

155 760 283 848 piadae
301 762 532 831 carminibus.
623 784 626 791 ·

198 878 360 946 Elisione
382 879 585 947 detruditur
608 889 686 948 tota
705 881 858 968 syllaba.
883 880 993 966 Quod
1013 877 1269 948 Alexandrinis

155 994 283 1061 durum
302 995 440 1082 aliquid
455 998 590 1064 habere
606 997 812 1066 videbatur.
833 997 1044 1065 Severiores
1065 997 1168 1086 leges
1190 1018 1270 1084 poe-

156 1121 212 1178 tae
227 1110 326 1179 docti
343 1112 517 1195 tulerunt,
535 1112 665 1199 quibus
678 1135 753 1181 non
767 1113 930 1180 eumdem
944 1113 981 1179 in
994 1113 1142 1180 modum
1155 1111 1269 1179 nostri

155 1227 465 1314 obtemperavere.
483 1227 720 1316 Asclepiades
742 1238 906 1316 tempore
923 1228 1024 1316 prior
1042 1228 1270 1316 insulamque

155 1342 300 1410 Samum
318 1341 526 1410 inhabitans
542 1343 693 1412 liberius
708 1343 783 1432 egit
800 1365 907 1431 quam
923 1343 1145 1432 Posidippus
1163 1353 1271 1431 atque

155 1458 332 1545 Hedylus.
352 1461 405 1526 Ea
425 1458 521 1526 enim
538 1470 593 1527 est
610 1459 703 1527 ratio
721 1459 912 1527 elisionum
931 1452 1019 1548 quas
1035 1461 1133 1548 apud
1149 1480 1272 1527 unum·

156 1595 336 1660 quemque
352 1575 563 1663 reperimus.
578 1575 815 1664 Asclepiades
827 1575 865 1643 in
877 1577 1044 1644 versibus
1059 1575 1122 1660 146
1136 1576 1272 1663 patitur

156 1688 199 1757 83
227 1690 410 1772 elisiones,
442 1689 661 1779 Posidippus
691 1693 745 1778 54,
776 1690 814 1759 in
842 1692 1008 1760 versibus
1041 1711 1119 1778 1243
1155 1691 1272 1779 Hedy-

155 1805 211 1873 lus
228 1827 283 1888 21,
303 1807 340 1873 in
358 1806 522 1874 versibus
539 1806 598 1890 60;
617 1806 863 1875 Callimachus
878 1808 933 1890 55,
952 1807 990 1873 in
1007 1806 1174 1875 versibus
1193 1825 1269 1893 140.

202 1923 397 2008 Nunquam
411 1922 561 1990 Graecis
579 1921 764 2011 displicuit
779 1923 809 1990 si
826 1926 973 1992 brevem
991 1923 1194 1993 offenderet
1208 1922 1272 2009 syl·

126 2045 130 2051 '
156 2038 238 2104 laba
259 2058 352 2124 quae
372 2036 594 2123 ejiciebatur.
618 2039 692 2107 Sed
713 2040 842 2107 melius
864 2049 948 2127 post
971 2039 1068 2108 arsin
1089 2039 1271 2107 vocalium

155 2152 348 2222 concursio
380 2152 491 2221 fiebat
522 2177 628 2240 quam
660 2166 744 2243 post
771 2156 924 2244 primam
954 2166 1094 2246 partem
1125 2159 1271 2230 theseos

156 2269 369 2357 dactylicae.
395 2271 573 2338 Numeros
594 2293 819 2360 apponamus
835 2275 853 2340 :'

731 2441 801 2491 Elisio
983 2443 1039 2492 Post
1050 2444 1148 2507 primam

709 2515 760 2568 post
770 2505 831 2554 arsin
973 2517 1060 2569 partem
1075 2507 1165 2556 theseos

354 2648 640 2728 Asclepiades...
747 2667 790 2728 40
1035 2649 1070 2710 18

355 2745 550 2826 Posidippus
554 2790 637 2807 .....
750 2745 785 2807 18
959 2770 963 2776 ’
1034 2747 1069 2808 16

356 2844 505 2922 Hedylus
513 2888 638 2902 .......
766 2843 784 2903 8
1050 2863 1072 2924 4

156 3060 252 3127 Hinc
276 3067 430 3146 apparet
452 3058 710 3147 Asclepiaden,
736 3079 944 3146 quanquam
965 3058 1075 3125 nimia
1101 3060 1273 3128 sollicitu-

158 3176 241 3242 dine
268 3196 343 3243 non
366 3174 520 3258 laborat,
547 3175 676 3243 melius
699 3174 899 3262 Posidippo
926 3196 1070 3242 versum
1096 3196 1270 3264 pangere.

157 3293 212 3357 En
230 3290 300 3358 alia
318 3312 411 3378 quae
434 3292 479 3358 ad
499 3290 711 3357 firmandam
732 3293 826 3357 hanc
849 3289 1060 3377 opinionem
1078 3293 1271 3359 accedunt.

158 3405 338 3493 Displicet
360 3404 463 3473 elisio
485 3407 515 3472 si
538 3405 731 3474 intercedit
752 3406 790 3472 in
811 3408 1020 3474 hexametro
1044 3417 1129 3495 post
1149 3430 1273 3476 secun·

158 3522 242 3588 dum
265 3523 407 3608 pedem,
439 3522 580 3589 tertiam
611 3522 720 3604 arsin,
746 3522 891 3590 tertium
915 3526 1136 3607 trochaeum,
1173 3547 1274 3612 quar-

157 3646 305 3724 tumque
346 3639 541 3725 dactylum.
585 3639 821 3728 Asclepiades
866 3640 937 3708 duo
984 3649 1124 3707 tantum
1164 3643 1274 3709 habet

157 3752 362 3840 hujusmodi
389 3754 559 3821 elisiones
592 3776 743 3841 quarum
773 3756 887 3824 altera
917 3765 1001 3843 post
1032 3754 1178 3823 tertium
1207 3766 1274 3837 tro·

157 3872 320 3954 chaeum,
364 3871 477 3937 altera
517 3880 601 3957 post
637 3881 803 3958 quartum
840 3872 1022 3959 dactylum
1066 3872 1271 3942 intercedit.

157 3987 202 4070 V,
228 3985 303 4068 158,
333 4009 360 4071 1,
385 3996 420 4053 et
441 3986 520 4070 XII,
548 3987 623 4071 roo,
649 3987 690 4054 3:

382 4150 513 4240 Ἑρμιόνῃ
528 4160 629 4242 athulfi
644 4161 705 4220 ποτ’
721 4158 778 4239 ἐγὼ
795 4159 991 4234 συνέπαιζον...

481 4256 616 4332 ,βάλλετὲ
632 4256 672 4334 μ’,
691 4256 769 4318 ἀλλὰ
783 4263 968 4339 κεραυνοῖς...
