2864 4868
153 371 198 440 66
345 390 610 452 lscnnsmons,
637 388 867 451 posuimus,
894 386 1080 438 nnnunus.

153 533 207 598 Ea
232 539 286 597 est
312 531 574 600 sententiarum
602 530 734 598 series:
763 529 930 598 Ebrietas
955 548 1069 596 vocor
1095 535 1207 614 atque
1234 527 1270 593 in

155 649 360 734 amethysto
382 647 503 715 excisa
526 670 618 715 sum.
639 648 721 715 Hoc
740 644 896 735 intelligi
917 654 1051 732 potest,
1071 663 1181 729 quum
1204 642 1270 709 sim

155 761 385 850 Cleopatrae,
404 783 558 849 namque
579 762 616 828 in
638 760 786 851 reginae
807 759 975 827 manibus
996 757 1120 826 sobria
1141 767 1196 824 est
1213 755 1271 823 vel

153 877 233 965 ipsa
254 879 432 947 Ebrietas.

199 997 241 1062 Δέ
279 994 460 1062 interdum
499 992 746 1083 postponitur,
781 1014 873 1081 quae
912 991 1062 1060 licentia
1100 991 1270 1059 omnibus

154 1111 274 1198 poetis
298 1113 382 1179 data
403 1120 482 1179 est:
508 1113 556 1180 Ti
576 1112 772 1199 Φιλεκράτεος
792 1114 822 1177 δὲ
845 1106 969 1177 Atellus
990 1108 1082 1192 (XII,
1107 1106 1197 1192 162).

197 1229 307 1315 Apud
324 1227 561 1315 Posidippum
574 1226 684 1312 (XVI,
701 1227 795 1315 275),
811 1230 866 1314 γάρ
880 1223 1027 1292 adhibet
1041 1225 1270 1311 respondens

155 1343 326 1412 Occasio.

282 1476 336 1536 tte
350 1474 417 1557 γὰρ
432 1471 507 1549 ἅπαξ
521 1479 649 1551 πτηνεῖσι
664 1468 876 1556 παραθρέξνιντά
891 1493 927 1551 με
937 1472 1045 1534 ucesiu.

155 1632 305 1717 Pariter,
324 1635 367 1715 V,
386 1632 473 1701 186:

345 1770 429 1839 Οἶδα.
446 1778 549 1852 Φιλεῖς
563 1779 630 1859 γὰρ
645 1777 742 1839 οὐδένα
757 1779 850 1854 μεῖζον
865 1776 943 1853 ἐμοῦ.

199 1947 261 2035 Γάρ
278 1948 348 2013 hoc
366 1946 403 2015 in
420 1949 504 2016 loco
521 1947 596 2015 fere
614 1947 709 2016 idem
727 1949 898 2034 estquod
916 1945 1043 2013 Latine
1063 1943 1270 2011 ‹scilicet».

199 2066 257 2130 Καί
278 2061 472 2149 aliquoties
494 2065 684 2131 redundat.
702 2064 880 2150 Exempla
901 2061 996 2129 ciere
1019 2081 1212 2148 possumus

285 2216 324 2282 Ἧ
338 2221 385 2283 καὶ
400 2224 494 2300 baina
507 2224 589 2284 πέλει
606 2224 804 2303 μόχθουνιέγα
818 2217 904 2295 (AC.
921 2219 980 2294 Ill,
999 2222 1054 2300 79)

156 2336 264 2413 atque
288 2417 342 2480 Καὶ
357 2419 419 2501 περὶ
436 2419 579 2496 συνθεσίης
594 2420 733 2500 ἔΙαΥῧΙ···
751 2415 836 2492 (AC'
854 2416 914 2493 ω’
932 2414 986 2498 78)

154 2574 192 2642 in
214 2575 319 2646 initio
340 2579 513 2665 poematii
528 2594 552 2645 ¹.

199 2695 243 2760 Τε
257 2693 353 2760 idem
373 2704 428 2762 est
445 2695 544 2782 quod
561 2695 658 2782 apud
676 2693 826 2762 Latinos
843 2715 930 2780 que;
949 2695 993 2775 V,
1017 2693 1098 2778 1343
1115 2692 1193 2761 AC.
1210 2693 1270 2775 llI,

156 2830 212 2896 77,
230 2807 276 2876 80
294 2818 330 2877 et
346 2808 402 2877 81.

200 2925 377 3013 Hedylus‚
409 2947 541 2994 canere
571 2927 763 3015 incipiens,
788 2936 872 2995 ante
901 2925 1024 2994 omnia
1053 2927 1273 2994 vocabulum

154 3048 202 3108 καί
224 3042 374 3128 profert.
399 3042 469 3109 Hic
491 3052 547 3110 est
566 3065 717 3111 versus:

290 3198 463 3278 Ζωροπόται,
480 3196 528 3258 καὶ
542 3203 659 3260 τοῦτο...
677 3198 752 3260 idere
767 3195 852 3277 (AC.
870 3196 930 3273 Ill,
946 3196 1013 3279 67).

156 3353 384 3423 Sententiam
405 3358 502 3423 hunc
523 3356 561 3423 in
581 3359 728 3425 modum
750 3366 895 3425 vertere
918 3378 1134 3444 possumus:
1158 3357 1275 3424 Multa

156 3479 240 3537 sunt
263 3471 301 3538 in
321 3472 460 3559 templo
484 3471 676 3553 mirabilia,
699 3493 797 3540 nunc
818 3482 938 3540 autem
961 3494 1006 3540 ex
1027 3471 1082 3539 his
1105 3472 1275 3540 omnibus

154 3608 266 3654 unum
303 3597 463 3674 praestat
499 3587 728 3675 conspicere.
766 3588 872 3656 Sicut
907 3587 1129 3676 Posidippus
1165 3598 1275 3675 poeta

157 3703 335 3789 particula
351 3733 381 3772 τε
398 3725 485 3771 usus
502 3713 559 3771 est
582 3704 657 3790 (Vl,
674 3707 756 3793 292)
771 3727 778 3770 :

286 3860 320 3922 Αἱ
338 3862 444 3943 relapsu,
460 3865 491 3923 τό
506 3865 530 3924 θ’
547 3861 687 3942 ἁλουργὲς
700 3862 850 3940 ὑπένδυμα,
872 3864 914 3925 rei
930 3885 961 3924 τε
975 3864 1110 3937 Λάκωνες

346 3961 491 4021 nemer...

202 4131 222 4166 1.
241 4116 300 4167 Hoc
312 4117 362 4167 sibi
373 4118 590 4180 epigrammatum
608 4122 746 4182 scriptores
762 4121 936 4182 indulgebant
950 4126 978 4168 ut
994 4134 1050 4169 eam
1067 4120 1275 4179 conjunctionem

156 4195 212 4241 eine
225 4194 296 4253 justa
312 4206 393 4242 causa
408 4200 542 4255 ponerent.
563 4197 602 4242 De
621 4197 715 4257 quibus
732 4197 824 4245 videas
842 4197 959 4244 libellum
978 4210 1062 4245 meum
1081 4196 1113 4244 de
1131 4196 1275 4260 Meleagro,

157 4285 182 4330 p.
205 4283 263 4334 191·
282 4270 357 4318 Patet
373 4271 456 4331 igitur
471 4284 574 4320 carmen
590 4271 727 4333 Posidippi
742 4273 861 4320 mutilum
878 4286 929 4320 non
945 4272 1034 4320 fuisse.
