2864 4868
152 383 200 452 80
346 400 609 465 isemerinus,
635 400 867 464 immortuus,
894 400 1082 450 HEDYLUS.

154 544 284 629 Neque
301 541 422 610 minus
439 543 560 610 suavis
582 542 644 610 illa
661 541 824 630 precatio
844 563 937 629 quae
954 551 1092 610 tantam
1109 539 1273 628 jucundi»

154 667 264 727 tatem
283 681 302 727 e
321 659 413 727 scita
426 662 621 727 verborum
639 659 882 727 collocatione
897 656 1033 748 accipit
1047 674 1071 726 ¹.

300 825 332 913 ‘A
349 832 470 911 Κύπρον,
488 833 505 892 Ξ
518 852 549 892 τε
565 823 690 913 Κύθηρά,
706 829 754 891 καὶ
769 825 787 892 ἂ
800 831 928 907 Μίλητον
943 824 1084 911 ἐποιχνὲῖς

363 927 427 1011 ¹lici
442 929 532 991 κιλὶν
547 930 651 1010 Συρίης
665 929 832 1015 irremisso
847 929 966 991 δάπεδον

294 1023 414 1099 ”Eleae
426 1027 510 1099 turae
525 1026 731 1105 Καλλιστίῳ...

198 1214 282 1281 Non
312 1211 399 1280 satis
426 1211 555 1280 habuit
581 1212 674 1280 alios
705 1211 933 1302 interrogare
961 1214 1019 1281 vel
1048 1213 1146 1282 ciere
1176 1213 1273 1282 Posi·

156 1328 315 1417 dippus.·
328 1328 600 1418 Responsiones
618 1327 798 1396 interdum
815 1327 992 1419 adjungit.
1009 1330 1089 1417 Jam
1105 1331 1274 1398 novimus

155 1443 380 1530 colloquium
403 1443 620 1511 Occasionis
642 1442 874 1531 hominisque
899 1445 960 1531 qui
982 1455 1138 1514 statuam
1158 1446 1276 1514 intue·
1312 1424 1314 1428 ¹

156 1569 213 1626 tur
227 1574 253 1628 2.
276 1562 385 1646 Quod
407 1581 483 1627 non
504 1559 583 1628 sine
604 1559 851 1627 oblectatione
867 1560 1039 1649 legimus;
1058 1561 1276 1629 Occasionis

155 1677 251 1743 enim
278 1698 397 1743 sermo
421 1685 458 1743 et
478 1675 572 1743 acris
592 1685 629 1742 et
651 1697 799 1762 pressus
821 1684 888 1759 est,
907 1678 1177 1764 admodumque
1199 1700 1278 1764 pro·

156 1791 299 1880 peranti
316 1791 501 1859 convenit.
520 1792 567 1858 Et
583 1790 620 1858 in
633 1790 806 1859 brevibus
822 1791 1051 1878 loquentium
1068 1792 1274 1877 sententiis,

156 1918 256 1975 tanta
272 1907 429 1974 varietas
444 1906 550 1990 inest,
569 1915 609 1974 ut
625 1908 764 1976 nullum
785 1908 893 1976 nobis
912 1906 976 1976 fiat
996 1931 1016 1976 e
1036 1908 1275 1977 similitudine

154 2021 351 2088 fastidium.
373 2023 434 2104 At,
452 2020 593 2103 mirum,
613 2021 672 2088 hic
694 2020 862 2110 dialogus
883 2043 960 2089 non
980 2023 1217 2090 scaenatilem
1238 2022 1275 2090 in

155 2137 302 2205 modum
335 2135 582 2204 conformatus
612 2146 668 2204 est
697 2135 835 2224 pariter
865 2147 977 2224 atque
1013 2137 1277 2227 epigrammata

155 2251 397 2339 Asclepiadae
425 2251 488 2318 ubi
516 2273 588 2319 una
615 2262 755 2319 tantum
782 2273 941 2338 persona
966 2244 1163 2321 inducitur.
1192 2256 1276 2322 Non

155 2372 307 2437 multum
330 2369 536 2457 festivitatis
556 2371 704 2459 habent>
717 2368 894 2457 ejusmodi
917 2367 1102 2461 colloquia
1121 2391 1216 2457 quae
1238 2370 1274 2436 in

154 2485 380 2574 Anthologia
406 2487 548 2554 Graeca
576 2484 787 2573 reperimus.
819 2486 1148 2572 Componebantur
1177 2487 1272 2554 enim

156 2603 200 2669 de
216 2602 367 2670 mortuis
383 2601 558 2670 statuisve
577 2623 669 2689 quas
688 2601 870 2668 interdum
893 2600 1044 2690 frigidas
1064 2601 1177 2668 fuisse
1199 2624 1275 2690 per-

155 2738 263 2784 sonas
280 2739 387 2784 nemo
405 2718 594 2785 mirabitur
606 2716 633 2784 3.
654 2716 728 2786 Sed
741 2717 951 2795 addendum
962 2697 1019 2784 est
1030 2717 1275 2805 Asclepiadae

154 2853 196 2898 ac
221 2831 420 2919 Posidippo
441 2854 517 2911 non
545 2854 669 2919 parem
696 2831 911 2900 suavitatem
940 2833 1063 2900 Musas
1089 2824 1273 2900 annuisse.

155 2949 312 3032 Quando
343 2947 380 3013 in
412 2949 627 3038 effingendis
654 2948 764 3016 animi
794 2949 954 3016 motibus
985 2970 1065 3015 cum
1099 2948 1275 3038 magistro

156 3073 295 3131 certare
310 3063 427 3131 voluit
441 3063 652 3151 discipulus,
669 3065 886 3152 plerumque
900 3056 1092 3152 superatus
1106 3063 1272 3132 discedit.

200 3179 240 3247 si
274 3179 400 3247 titulos
433 3179 693 3269 naufragorum
727 3179 951 3267 inspicimus,
990 3189 1143 3268 apparet
1177 3182 1274 3268 apud

156 3294 316 3363 Samium
333 3296 446 3364 multo
461 3294 575 3385 magis
588 3296 792 3363 fervescere
807 3293 928 3362 miseri
940 3294 1097 3362 hominis
1107 3296 1273 3364 affectus.

155 3411 264 3477 Plura
285 3420 370 3478 sunt
392 3413 488 3498 apud
509 3411 748 3498 Posidippum
765 3419 801 3477 et
818 3409 1066 3497 splendidiora
1080 3410 1271 3495 vocabula,

155 3527 219 3592 sed
253 3547 379 3612 parurn
413 3526 497 3593 inde
528 3524 789 3593 oblectamenti
820 3525 1088 3612 percipimus4;
1115 3547 1274 3614 namque

154 3650 285 3727 poetae
310 3642 423 3709 multo
448 3641 566 3708 minus
590 3641 692 3709 cordi
716 3640 783 3708 fuit
807 3662 886 3708 sors
906 3641 1039 3709 mortui
1062 3664 1171 3729 quarn
1196 3665 1275 3712 sen·

155 3755 291 3824 tentiae
316 3744 558 3824 concinnitas.
590 3810 593 3815 .
618 3738 623 3744 ’

196 3873 242 3939 Et
265 3892 375 3958 quum
397 3872 618 3959 Posidippus
640 3874 686 3939 ad
711 3875 883 3940 emendas
908 3875 1103 3959 amphoras
1128 3896 1271 3944 servum

195 4063 215 4098 1.
235 4047 433 4107 AP.X11,131.

191 4138 217 4172 2.
234 4125 289 4172 ΑΡ.
304 4122 371 4181 XVI,
384 4124 445 4192 275.

191 4197 213 4248 3.
233 4200 275 4248 ef.
288 4202 448 4260 praesertim,
461 4196 518 4257 v11,
531 4215 592 4266 470,
605 4201 675 4264 quod
686 4208 725 4251 cst
736 4202 874 4268 Meleagri.

188 4288 214 4338 4.
233 4275 288 4323 ΑΡ.
303 4275 359 4332 VII,
374 4273 556 4340 26730f.v11‚
571 4277 631 4341 284.
