2864 4868
135 381 137 389 .
159 359 200 426 14
343 353 864 418 Asccas1auss,1>os1n1r1>us,
893 352 1079 404 uunvrus.

155 501 339 566 Bittonem
360 507 397 565 et
418 497 601 567 Nannium
623 495 936 584 exprobrationes.
962 495 1048 562 Inde
1072 501 1198 560 natum
1215 501 1270 559 est

155 614 397 684 Alexandriae
429 614 518 681 illud
554 613 751 682 carminum
778 634 894 701 genus
928 613 1026 698 quod
1057 610 1132 677 fere
1163 630 1270 677 omne

156 731 193 798 in
222 732 413 799 helluones
448 739 484 797 et
514 738 636 798 scorta
669 728 883 796 intenditur.
914 727 984 794 Hic
1013 726 1272 815 perstringitur

155 848 382 937 Theugenes,
409 846 470 934 qui
493 845 702 914 Maeonium
725 848 858 912 bovem
884 865 903 910 e
928 842 1127 930 sponsione
1152 862 1271 909 come·

157 964 278 1045 debat,
320 962 528 1052 pariterque
564 963 837 1050 Phyromachus
870 961 932 1047 qui
964 969 1098 1028 cuncta
1135 980 1272 1028 vorans

157 1081 340 1148 Bacchum
357 1080 473 1147 solum
490 1082 734 1147 venerabatur
749 1093 773 1145 ¹.

201 1196 387 1264 Addamus
411 1194 733 1263 Reitzensteinium
756 1195 948 1281 quamdam
966 1192 1120 1260 ironiam
1135 1192 1173 1258 in
1191 1212 1273 1279 poe·

160 1312 269 1379 matio
307 1311 466 1400 reperire
507 1310 550 1378 de
586 1333 657 1398 quo
698 1332 807 1398 supra
842 1309 1035 1397 disputavi.
1068 1309 1273 1376 Germanus

159 1429 316 1517 scriptor
339 1427 395 1495 his
418 1426 455 1494 in
478 1427 644 1495 versibus
664 1426 817 1495 Aratum
837 1426 1001 1494 vellicari
1018 1435 1120 1513 putat
1133 1439 1160 1492 2.
1178 1424 1273 1492 Huic

161 1555 281 1613 autem
303 1543 468 1631 opinioni
491 1566 566 1612 non
591 1553 646 1611 est
668 1544 767 1630 quod
789 1541 998 1630 adstipuler.

60 1646 62 1651 ¹
206 1663 402 1728 Praeterea
418 1660 657 1748 Posidippum
673 1660 811 1745 majora
827 1658 1024 1728 tentavisse
1040 1658 1186 1726 scimus.
1204 1658 1273 1726 Vel

165 1798 275 1845 unum
293 1777 351 1844 vel
368 1777 438 1844 duo
457 1775 617 1844 carmina
636 1776 782 1864 scripsit
802 1775 972 1864 longiora
992 1796 1145 1862 quorum
1166 1775 1275 1843 nobis

163 1903 303 1961 tantum
324 1891 474 1960 nomina
495 1913 694 1980 pervenere
708 1890 734 1958 3.

204 2009 368 2097 Hedylus
391 2008 458 2076 fuit
480 2007 681 2096 Posidippo
707 2016 825 2076 aetate
849 2009 924 2077 fere
945 2032 1091 2098 suppar.
1113 2008 1276 2076 Donaria

161 2125 258 2193 enim
287 2124 462 2193 describit
490 2125 528 2192 in
556 2125 692 2213 templo
719 2124 895 2193 Arsinoes
923 2126 1057 2208 oblata,
1089 2146 1181 2213 quae
1208 2123 1276 2190 fuit

161 2231 359 2310 Ptolemaei
393 2242 624 2330 Philadelphi
656 2254 693 2311 et
722 2266 828 2312 soror
859 2254 895 2313 et
930 2245 1101 2331 conjux4.
1135 2242 1277 2311 Pariter

162 2380 321 2441 carmen,
336 2359 434 2445 quod
446 2359 598 2428 Ctesibii
616 2370 729 2427 artem
746 2361 900 2442 extollit,
913 2383 981 2428 nos
994 2361 1039 2427 ad
1052 2382 1095 2428 ea
1112 2371 1278 2447 tempora

132 2531 137 2543 .
163 2474 283 2562 refert.
303 2475 486 2543 Ctesibius
509 2475 605 2543 enim
626 2477 693 2544 fuit
716 2477 776 2545 ille
801 2478 1009 2565 praeclarus
1029 2475 1274 2557 mechanicus,

162 2592 224 2678 qui
265 2591 388 2659 floruit
431 2592 580 2659 ineunte
618 2594 764 2661 saeculo
805 2594 927 2662 terti0.
973 2593 1078 2660 Alter
1116 2591 1276 2678 ejusdem

162 2706 318 2773 nominis
357 2705 412 2773 vir
445 2706 584 2773 exstitit
621 2706 835 2797 ingeniosus
867 2717 1005 2790 tonsor,
1042 2706 1104 2794 qui
1139 2706 1277 2794 primus

162 2821 411 2909 hydraulicum
438 2844 612 2911 organum
647 2834 824 2912 regnante
849 2825 1042 2911 Physcone
1072 2821 1274 2889 fabricavit.

161 2936 326 3005 Alterum
339 2937 541 3007 Ctesibium
558 2960 625 3026 pro
639 2941 754 3008 altero
770 2962 880 3027 quum
897 2941 1084 3022 ducerent,
1101 2959 1277 3027 persaepe

162 3050 199 3119 in
214 3053 449 3142 gravissimos
466 3076 608 3123 errores
625 3055 693 3124 viri
708 3056 840 3124 eruditi
858 3055 1024 3125 cecidere
1037 3053 1065 3124 5.

206 3172 261 3236 De
278 3169 396 3257 patria
411 3171 544 3259 Hedyli
565 3172 716 3262 ambigit
731 3172 943 3240 Athenaeus
954 3169 983 3238 ⁶.
1007 3171 1082 3239 Aut
1098 3172 1198 3240 Sami
1216 3178 1277 3238 aut

161 3285 315 3354 Athenis
335 3295 445 3374 poeta
463 3297 569 3355 natus
593 3296 660 3355 est.
686 3290 840 3357 Matrem
867 3291 1027 3356 habebat
1043 3288 1213 3376 Hedylen
1241 3297 1278 3354 et

162 3403 423 3472 Atheniensem
440 3414 476 3472 et
491 3405 681 3494 poetriam.
700 3406 791 3473 Eum
808 3404 965 3493 conjicio
985 3404 1141 3473 Athenis
1159 3414 1277 3472 ortum

207 3578 229 3612 1.
246 3563 303 3612 AC.
315 3563 360 3620 111,
375 3563 422 3631 785
435 3565 466 3622 V,
485 3564 523 3615 15.

204 3653 228 3687 2.
247 3641 299 3689 ΑΡ.
314 3640 370 3696 XlI,
383 3640 424 3705 98.

203 3715 228 3764 3.
245 3716 394 3765 Athenaeus
418 3712 502 3775 (XIII,
524 3714 583 3784 596,
606 3720 643 3778 C)
665 3717 824 3782 Aethiopida
845 3725 978 3775 memorat,
1002 3718 1047 3767 ubi
1070 3718 1186 3767 Doricha
1208 3718 1279 3766 haud

162 3792 241 3839 semel
262 3792 441 3842 inducebatur.
463 3793 492 3841 Si
509 3794 559 3843 hoc
577 3811 670 3856 poema
688 3796 720 3844 de
738 3799 815 3844 rebus
832 3796 954 3856 mythicis
971 3797 1107 3851 tractabat,
1126 3801 1156 3842 ut
1170 3794 1279 3857 pristina

162 3867 262 3915 Arctini
279 3868 423 3930 Aethiopis,
435 3884 488 3918 non
504 3884 609 3932 possum
627 3871 775 3932 intelligere
793 3877 908 3919 curtam
926 3885 1003 3931 saepe
1018 3870 1162 3918 meretricis
1182 3869 1278 3917 mentio

161 3941 247 3990 tiebat.
260 3944 398 3992 Crederem
408 3945 495 4005 potius
506 3946 677 4007 Posidippum
689 3946 721 3994 de
733 3948 814 3994 variis
825 3947 932 3995 Africae
943 3946 1051 3995 urbibus
1063 3945 1157 3993 mixtas
1169 3945 1279 3994 fabellas

161 4018 316 4068 historiasve
327 4021 480 4070 narravisse.
495 4022 616 4070 Ceterum
626 4024 660 4070 cf.
675 4023 846 4079 Knaackium,
860 4023 926 4080 AL,
938 4029 957 4072 t.
971 4023 1003 4078 Il,
1016 4039 1042 4085 p.
1057 4021 1116 4078 532,
1131 4037 1157 4072 n.
1171 4018 1214 4072 68.

202 4110 229 4158 4.
246 4093 415 4164 Ac.111,67.

204 4169 228 4218 5.
248 4171 290 4219 Cf.
304 4171 495 4230 Susemihlium,
509 4174 565 4224 AL.
578 4174 599 4238 1,
613 4172 664 4240 734
676 4191 731 4238 sqq.

204 4243 228 4295 6.
247 4247 304 4304 VII,
318 4261 377 4313 2975
393 4249 423 4296 Β.
