2864 4868
153 367 200 453 84
344 385 607 448 ASCLEPIADES,
630 386 866 450 -POSIDIPPUS,
894 385 1081 436 HEDYLUS.

154 527 297 594 videtur
326 529 423 615 quod
452 527 662 607 antecedit:
694 527 858 595 saltatrix
886 538 1014 615 patera
1040 530 1084 596 ad
1118 528 1274 617 effigiem

149 642 213 725 ,dei
230 643 301 710 Bes
317 643 545 711 conformata
562 653 629 710 est.
644 645 729 712 Non
746 642 973 711 inconditum
989 661 997 691 ¹
1018 653 1073 711 cst
1091 645 1136 711 de
1155 643 1276 730 puella

156 757 298 826 dicere:
329 760 477 849 ἁμερὲαέν
504 789 528 829 τι
555 765 644 841 θάλος
673 765 755 828 ἐστίν.
786 760 836 826 At
864 781 908 826 ea
929 759 1004 847 jam
1033 758 1274 847 Asclepiades

151 884 413 963 occupaverat.
438 874 584 943 Mallem
607 877 706 962 quod
729 875 887 942 clamant
908 875 1086 944 convivae
1108 874 1272 942 esurien-

155 999 227 1058 tem
249 989 476 1059 meretricem
498 970 742 1079 adspicientes
755 1006 790 1058 ²:

519 1145 673 1223 λιθοΰμεθα
686 1146 824 1220 πάντες...
840 1145 954 1207 λοπάδι.
1042 1128 1046 1137 ’

200 1311 396 1391 Manifesta
423 1321 479 1380 est
504 1311 668 1380 veritatis
697 1310 898 1400 superlatio
929 1296 1186 1398 traje'ctioque,
1212 1312 1275 1378 sed

154 1429 225 1495 hoc
248 1426 456 1496 vehementi
479 1436 609 1516 poetae
632 1427 837 1495 concedere
861 1436 1020 1516 oportet.

199 1543 393 1611 Rarissime
421 1543 587 1631 Hedylus
614 1551 761 1611 teneros
790 1541 900 1617 animi
923 1543 1074 1610 affectus
1101 1541 1273 1619 reddidit.

155 1659 276 1727 Semel
310 1669 449 1727 tantum
481 1659 648 1728 submisit
675 1658 891 1740 orationem,
919 1667 959 1726 ut
988 1657 1150 1747 puellam.
1176 1658 1275 1725 effin-

154 1784 258 1862 geret
282 1775 417 1842 Veneri
439 1775 575 1863 gratias
599 1783 769 1864 agentern
792 1777 839 1843 ob
863 1795 1028 1843 amorem
1053 1775 1273 1864 Nicagorae.

154 1889 235 1957 Hoc
264 1890 302 1957 in
327 1888 486 1958 carmine
511 1890 633 1958 omnia
658 1891 769 1978 plena
791 1900 876 1957 sunt
899 1889 1098 1978 voluptatis
1126 1888 1276 1978 leporis·

154 2026 237 2092 que.
256 2006 474 2073 Praesertim
495 2006 823 2074 animadvertamus
845 2005 1032 2093 duplicata
1046 2007 1160 2072 verba
1182 2025 1274 2091 quae

154 2121 312 2189 solutum
334 2121 508 2207 quiddam
530 2119 694 2189 habent3

327 2271 411 2352 Οἴνος
425 2277 473 2339 καὶ
488 2281 638 2360 προπόσεις
650 2281 850 2358 κατἐκοίμισαν
870 2275 1097 2359 Ἀγλαονίκην...
1115 2358 1118 2363 ¹

385 2371 473 2435 Ὕπνο
475 2394 489 2433 υ
504 2372 552 2434 καὶ
568 2374 702 2452 σκυλμῶν
717 2381 771 2435 τῶν
786 2378 849 2436 τότε
863 2375 1012 2457 μαρτύρια.
1019 2372 1023 2381 ’
1117 2414 1120 2421 -

199 2532 273 2601 Sed
294 2534 366 2599 hoc
387 2532 611 2639 epigramma
629 2516 872 2620 Asclepiadae
892 2533 1133 2601 imitationem
1159 2532 1275 2600 decla-

156 2656 222 2715 rat.
249 2630 442 2732 Quando
432 2646 582 2737 ingenio
607 2647 772 2736 indulget
794 2647 959 2736 Hedylus
983 2668 1050 2736 per
1076 2647 1274 2715 ludibrium

156 2772 264 2848 atque
282 2784 434 2831 ironiam
453 2764 627 2850 loquitur
646 2765 764 2849 Quam
781 2763 941 2869 vrvrdum
958 2765 1058 2831 hoc4
1126 2868 1129 2874 ι
1174 2866 1178 2874 ἰ

332 2915 431 3001 Ἐφ’θὸς
445 2921 459 2981 ὁ
473 2919 644 3001 καλλίχθνς,
659 2922 704 2981 νῦν
721 2921 828 2997 ἐ’μόαλε
841 2921 892 2997 τὴν
907 2919 1102 3001 βαλανάγραν.
1164 2900 1170 2911 ’

199 3079 323 3168 Atque
344 3077 549 3167 interrupto
572 3100 739 3147 sermone

835 3186 941 3248 ..ἀλλ’
958 3187 1103 3250 ἀπέκλειε

200 3344 348 3432 Quasi
333 3368 407 3433 Jam
433 3347 584 3414 accedat
609 3348 654 3413 ad
682 3345 778 3413 fores
800 3345 891 3435 Agis
919 3346 1099 3432 parasitus
1125 3345 1273 3414 immani

154 3471 282 3529 ventre
298 3471 408 3549 atque
426 3442 614 3529 stomacho
631 3459 858 3567 inexplebili.
875 3463 1005 3548 Neque
1022 3462 1081 3530 hic
1095 3449 1273 3531 distichus

147 3577 305 3644 'minoris
327 3576 461 3665 pretii5

334 3727 490 3811 Ὀψοφαγεῖ
504 3732 616 3808 Κλειοῖ,
633 3733 824 3810 καταμύομεν,
840 3730 874 3804 ἢν
889 3731 919 3793 δὲ
933 3733 1058 3816 θελήσῃς
1248 3797 1251 3803 ,

385 3819 472 3884 Ἔσθε
487 3828 568 3903 μόνη,
585 3825 715 3908 δραχμῆς
730 3825 803 3886 ἐστιν
818 3826 832 3886 ὅ
846 3829 972 3907 γόγγρος
986 3829 1069 3900 ἅπας.

198 3959 294 4031 ι.ΑΡ.
308 3982 350 4039 Vl,
366 3954 426 4048 aaa.

195 4073 220 4107 2.
237 4059 294 4108 AC.
306 4058 339 4114 V,
356 4055 395 4107 16.

196 4133 220 4183 3.
237 4134 293 4181 ΑΡ.
305 4135 337 4190 V,
354 4149 411 4201 ¹99·

194 4223 220 4272 4.
238 4211 295 4260 AC.
308 4211 341 4266 V,
359 4226 399 4275 ¹7·

196 4284 220 4334 5.
238 4285 294 4335 AC.
308 4286 340 4342 V,
356 4283 394 4334 16.
