2864 4868
167 358 211 441 54
356 370 623 433 meramnum,
649 368 877 431 apsimarus,
903 364 1090 417 neamus.

164 517 257 604 (ΧΙΙ,
296 513 374 599 168)
406 532 500 600 quae
530 512 775 580 Athenienses
809 531 930 597 neque
969 531 1124 596 semper,
1160 531 1278 597 neque

163 633 301 719 ubique
320 628 552 697 admiserunt.
575 628 668 697 Ὠοεν
686 626 778 713 (XII,
808 626 884 712 131)
908 625 1093 712 poeticum
1119 626 1278 693 colorem

163 750 285 816 habet.
314 745 448 829 Ἵπτομοι
471 744 580 829 (XVI,
607 744 690 831 275)
712 741 828 810 serius
853 741 890 808 in
915 763 1019 808 usum
1045 740 1161 825 venit3
1185 742 1279 808 haud

164 883 270 930 secus
297 869 406 946 atque
433 866 539 947 -sluptr
567 856 660 943 (AC.
685 856 744 938 ΙΙΙ,
770 857 841 946 79),
867 876 1075 942 quanquam
1102 864 1159 922 est
1187 854 1281 941 apud

164 977 352 1043 Platonem
373 980 547 1061 γέγλομμοι.
576 974 672 1039 Mala
698 972 757 1057 (V,
786 969 865 1055 134)
887 971 983 1056 apud
1006 968 1127 1055 justos
1151 990 1281 1056 prosae

163 1089 361 1175 scriptores
381 1088 532 1154 verbum
554 1096 609 1153 est
631 1086 888 1172 impersonale.

209 1201 387 1269 Pauciora
414 1211 500 1268 sunt
526 1201 693 1287 exempla
721 1201 817 1285 apud
839 1198 1033 1287 Hedylum‚
1059 1221 1170 1286 quum
1200 1221 1281 1287 pau-

163 1318 281 1386 ciores
298 1337 445 1404 quoque
467 1315 539 1383 sint
561 1336 699 1382 versus.
719 1314 868 1383 Novitia
886 1315 944 1381 vel
962 1313 1160 1382 insolentia
1176 1336 1281 1401 quae·

165 1432 246 1501 dam
260 1432 460 1513 offendunt,
477 1452 496 1497 e
514 1430 645 1518 quibus
663 1451 845 1517 apponam
858 1437 1035 1515 διαπινομένη
1048 1430 1142 1517 (AC.
1158 1431 1184 1514 I,
1205 1431 1280 1516 115)

164 1556 201 1614 et
216 1556 409 1632 μεμεθυσμένα
425 1546 517 1633 (AC.
537 1547 580 1629 II,
604 1545 695 1631 134).

577 1922 625 1972 DE
655 1920 860 1973 ARTICULO.

207 2128 328 2198 Semel
352 2129 505 2197 articulo
526 2127 598 2196 vim
623 2127 765 2195 relativi
788 2128 1015 2214 pronominis
1036 2129 1136 2197 dedit
1158 2130 1281 2198 Ascle·

163 2245 288 2332 piades
309 2247 367 2331 (V,
395 2248 499 2335 209):

438 2401 536 2485 Ἐνχαὶ
550 2404 601 2478 τὰς
615 2405 711 2481 κείνης
726 2401 817 2478 εὔξαιτ’
833 2403 876 2464 ἐπ’
892 2404 1000 2483 ἠϊόνος.

206 2589 314 2656 Hunc
327 2610 436 2677 saepe
447 2589 614 2678 negligit,
624 2597 664 2655 ut
675 2610 752 2655 mos
766 2597 822 2655 est
835 2597 1037 2676 poetarum.
1051 2589 1113 2658 Sic
1122 2590 1278 2678 legimus

160 2712 231 2790 τῷδε
249 2712 342 2790 τύμόῳ
357 2704 449 2789 (VII,
472 2705 566 2788 145);
589 2711 690 2772 δικλίοι
709 2711 802 2772 ταῖσδε
818 2706 875 2789 (V,
897 2705 987 2789 145),
1008 2714 1077 2771 etc.
1100 2706 1279 2791 Frequen-

160 2827 216 2885 ter
253 2818 444 2906 ingeniose
479 2818 643 2915 adhibito
681 2818 835 2885 articulo
875 2819 1067 2886 subtiliora
1099 2822 1277 2906 quaedam

160 2932 368 2999 indicantur
400 2954 494 3019 quae
526 2955 595 3000 nos
625 2933 664 3000 in
693 2943 854 3001 nostram
883 2935 1046 3023 linguam
1080 2937 1278 3004 transferre

160 3047 368 3134 nequimus:
386 3055 496 3132 ἠδολίη
505 3057 581 3133 κείνη
591 3051 649 3134 (V,
665 3047 754 3137 189),
766 3058 822 3115 est
832 3047 971 3135 perfida
979 3047 1278 3138 illavenustaque

157 3161 287 3227 mulier
314 3183 421 3248 quam
451 3183 577 3229 omnes
607 3172 755 3229 norunt.
782 3165 843 3230 Τὸν
871 3170 1042 3250 φιλέοντα...
1066 3164 1277 3250 praeclarus

157 3276 217 3342 hic
246 3276 401 3343 amasius
430 3297 537 3362 quem
563 3277 709 3363 quaeris
736 3278 793 3362 (V,
819 3274 895 3360 85);
923 3281 988 3358 τοὺς
1014 3285 1115 3359 παῖδας
1142 3299 1276 3364 pueros

158 3390 294 3458 indicat
321 3391 535 3477 quibuscum
554 3390 699 3477 juvenis
723 3390 916 3458 Connarus
939 3392 1150 3482 magistrum
1175 3395 1276 3461 audit

156 3506 232 3591 (Vl,
263 3504 362 3590 308);
392 3513 438 3575 τὸν
466 3517 623 3595 ἱπποοτῆρο
648 3515 750 3590 μύωπα
775 3507 820 3573 de
848 3507 981 3574 calcari
1009 3505 1143 3574 dicitur
1175 3510 1275 3595 quod

156 3629 302 3705 praesto
329 3628 396 3702 est,
424 3628 461 3687 et
486 3643 507 3687 a
530 3619 721 3688 meretrice
747 3620 881 3688 Veneri
911 3621 1061 3688 offertur
1085 3625 1144 3708 (V,
1176 3624 1272 3707 203).

201 3732 396 3800 Consentit
419 3755 501 3800 cum
530 3734 704 3823 magistro
731 3735 966 3823 Posidippus
991 3736 1149 3823 Scripsit
1177 3738 1274 3805 enim

154 3861 202 3914 τοῦ
226 3852 306 3935 χάριν
332 3846 462 3933 (idest
486 3850 517 3917 οὗ
546 3855 639 3930 ἕνεκα,
664 3849 741 3916 AC.
769 3851 830 3931 ΙΙΙ,
856 3849 932 3936 80);
959 3846 1171 3938 ἃῒᾳιιθτὸνδε
1194 3861 1274 3923 λίθον

155 3961 246 4046 (AC.
271 3961 331 4043 Ill,
357 3964 432 4051 79);
455 3971 491 4029 et
507 3962 587 4032 τοῦθ’
603 3973 676 4052 ἱερὸν
695 3964 788 4050 (AC.
810 3965 871 4046 ΙΙΙ,
891 3963 962 4049 81).
986 3965 1175 4034 Articulus
1196 3989 1272 4034 non

156 4074 285 4140 inscite
302 4075 461 4161 ponitur,
478 4085 518 4143 ut
535 4099 554 4144 e
568 4079 806 4164 sequentibus
822 4091 973 4167 apparet
987 4102 994 4146 ε
1015 4090 1029 4149 ὸ
1045 4082 1161 4169 σώφρων
1184 4079 1273 4151 Ἀντί-

154 4218 256 4277 μαχος,
284 4189 412 4257 doctus
434 4191 495 4258 ille
517 4193 757 4260 Antimachus
784 4194 877 4280 (XII,
908 4194 997 4280 168),
1025 4205 1061 4262 et
1089 4203 1135 4264 τὸν
1160 4207 1271 4287 τέττιγα
