2864 4868
160 407 206 474 24
352 403 615 467 ASCLEPlADES,
643 404 872 467 POSlDIPPUS,
900 404 1085 454 HEDYLUS.

158 549 291 636 dippus
309 547 417 614 etiam
436 547 480 614 de
496 544 627 634 Pythia
643 544 788 612 locutus
804 555 873 613 est.
894 546 1037 633 Hedylo
1055 566 1099 613 ea
1115 546 1277 616 carmina

157 665 340 732 tribuebat
366 661 570 751 Jacobsius
604 661 686 728 Hoc
717 661 803 727 mihi
836 683 857 728 a
886 683 974 730 vero
1007 682 1082 729 non
1116 662 1275 731 alienum

156 780 312 849 videtur.
332 779 427 846 Huic
449 777 545 845 enim
567 776 738 865 scriptori
759 776 893 845 scimus
914 776 1042 847 satiras
1062 800 1137 846 non
1156 777 1276 866 displi-

159 895 290 963 cuisse.
318 893 416 983 Agin
439 901 631 980 praeterea
654 890 710 959 bis
736 892 978 960 contrectavit
994 908 1018 960 ¹.
1043 893 1150 960 Adde
1177 894 1276 981 quod

158 1010 289 1099 Pythia
309 1020 344 1077 et
361 1008 526 1095 Cleopho
544 1029 668 1076 rursus
685 1008 783 1094 apud
798 1007 1045 1095 Asclepiaden
1063 1017 1098 1076 et
1113 1009 1277 1097 Posidip

158 1147 243 1215 pum
264 1134 501 1206 occurrunt2,
524 1124 764 1211 novimusque
784 1133 931 1191 nostros
953 1133 1082 1213 poetas
1101 1124 1276 1193 libentius

158 1244 303 1310 easdem
337 1261 513 1330 personas
544 1240 742 1309 induxisse.
776 1240 945 1327 Denique
976 1240 1029 1307 illi
1059 1240 1273 1324 hexametri,

157 1358 280 1426 multis
291 1358 487 1446 spondaeis
498 1357 621 1425 onusti
634 1366 671 1424 et
684 1377 834 1424 caesura
843 1356 1102 1443 semiquinaria
1111 1356 1276 1425 distincti

156 1496 303 1543 manum
323 1473 459 1562 Hedyli
481 1472 654 1560 produnt.
672 1473 802 1558 Neque
822 1472 1045 1561 negligenda
1069 1482 1155 1540 sunt
1172 1494 1277 1542 voca·

159 1591 245 1659 bula
269 1610 361 1678 quae
390 1589 428 1656 in
457 1589 529 1657 fine
554 1610 681 1657 versus
707 1589 901 1677 leguntur:
927 1599 954 1659 et
980 1590 1142 1672 Διομήδους
1165 1604 1273 1679 γραῖαι,

162 1727 293 1794 nempe
331 1706 500 1773 mulieres
540 1702 755 1772 crudelitate
789 1702 977 1771 Diomedis
1016 1724 1128 1790 equas
1169 1726 1276 1772 exae-

161 1832 327 1911 quantes.
341 1823 425 1889 Non
445 1820 551 1888 aliter
565 1820 730 1906 Hedylus
746 1818 784 1885 in
801 1817 1061 1909 epigrammate
1079 1822 1276 1888 admodum

160 1950 260 2006 certo
283 1937 375 2024 (AC.
390 1939 434 2019 V,
454 1939 508 2025 17)
525 1935 666 2004 induxit
690 1933 833 2024 Ἀκρισίου
849 1941 972 2016 λοπάδα,
989 1933 1026 2002 id
1044 1944 1099 2003 est
1112 1937 1275 2021 patinam

151 2064 235 2137 tam
252 2052 469 2140 exquisitam
488 2061 529 2118 ut
548 2053 701 2118 Danaen
718 2050 851 2118 Acrisii
871 2049 982 2118 filiam
1003 2050 1041 2117 in
1060 2053 1272 2120 memoriam

160 2179 320 2239 revocet.

198 2403 274 2470 ΑΡ.
300 2402 344 2484 V,
372 2400 435 2490 169
455 2399 605 2485 (Amore
630 2397 720 2465 nihil
741 2399 880 2488 gratius
899 2402 982 2485 est).
1003 2400 1134 2480 Palat.‚
1152 2398 1278 2469 Ascle·

158 2518 304 2605 piadae3
333 2517 435 2584 Plan.
458 2517 620 2584 ἀδέσποτον.
645 2514 754 2600 Quod
778 2512 874 2581 inter
894 2514 1136 2602 Asclepiadea
1161 2516 1273 2583 refert

158 2633 363 2701 Brunckius
379 2634 489 2719 (XX).
1307 2716 1315 2729 ‚

200 2749 440 2836 Asclepiadae
467 2747 711 2828 tribuendum,
738 2745 841 2832 cujus
866 2744 1006 2833 ingenii
1029 2756 1153 2814 notam
1176 2770 1278 2836 prae·

156 2868 229 2932 bet.
250 2866 367 2951 Quem
389 2862 549 2929 imitatus
566 2864 728 2931 eamdem
746 2861 922 2929 orationis
938 2861 1091 2928 formam
1109 2862 1277 2931 adhibuit

159 2981 357 3068 Meleager,
378 2979 601 3065 verbumque
622 2985 673 3060 ἡδύ
695 2977 733 3043 in
748 2976 853 3044 initio
876 2975 1052 3063 cujusque
1071 2978 1276 3047 sententiae

157 3094 280 3181 posuit
301 3093 391 3181 (ΑΡ.
414 3093 492 3175 Xll,
522 3091 611 3178 164).
644 3162 648 3169 ,

374 3368 439 3432 Ἡδὺ
456 3371 486 3433 δὲ
498 3370 673 3451 παιδοφιλεῖν
688 3370 787 3431 καύτὸν
802 3369 884 3432 ἐοντα
898 3369 999 3432 καλόν.

200 3567 275 3635 AP.
294 3569 337 3649 V,
364 3567 425 3656 189
442 3568 574 3654 (Nocte
591 3565 811 3653 intempesta
833 3586 957 3632 amans
979 3564 1214 3653 progreditur
1230 3568 1276 3634 ad

151 3682 299 3769 januam
330 3682 558 3768 meretricis).
598 3683 726 3764 Palat.‚
760 3679 1018 3769 Asclepiadae3
1052 3682 1169 3764 Plan,
1203 3683 1277 3749 Me·

156 3798 281 3888 leagri.
309 3799 407 3865 Inter
428 3797 670 3885 Asclepiadea
691 3797 897 3865 Brunckius
920 3796 1043 3864 retulit
1064 3797 1224 3883 (XXIII).

200 3913 442 4000 Asclepiadae
464 3912 501 3980 id
517 3913 786 3981 vindicandum.
811 3912 970 3980 Primum
992 3911 1087 3979 enim
1107 3913 1274 3982 Palatino

157 4029 328 4118 majorem
350 4029 458 4097 fidem
480 4020 640 4096 tribuere
662 4038 835 4117 praestat.
858 4031 1052 4097 Praeterea
1073 4029 1271 4119 Meleager,

201 4254 222 4289 r.
240 4240 295 4290 ΑΡ.
308 4239 352 4294 xl,
369 4237 430 4294 1233
448 4238 504 4287 AC.
519 4238 552 4294 V,
569 4252 608 4303 17.

199 4328 223 4364 a.
242 4315 283 4365 cf.
300 4328 387 4375 supra,
400 4328 425 4373 p.
442 4312 481 4369 15,
494 4328 519 4362 u.
536 4311 559 4362 5.
