2864 4868
488 850 724 917 'LITTERAE
745 850 1024 915 SINGULARES

229 1167 293 1222 ΑΡ.
304 1199 338 1208 -
351 1143 601 1239 Epigrammatum
609 1164 791 1236 Anthologia
798 1163 928 1236 palatina
936 1180 1002 1219 cum
1013 1163 1169 1219 Planudeis
1179 1172 1208 1220 et
1216 1181 1322 1238 appen-

404 1255 468 1310 dice
481 1271 606 1322 nova...‚
619 1253 754 1309 instruxit
765 1254 851 1311 Fred.
864 1253 994 1321 Dubner‚
1006 1252 1136 1323 Parisiis,
1151 1254 1318 1328 1864-1872.

226 1406 293 1464 Ac.
305 1438 338 1448 —
351 1407 601 1479 Epigrammatum
608 1404 1173 1478 anthologia'palatina...‚instruxitEd.
1181 1405 1318 1478 Cougny.

402 1495 548 1552 Volumen
560 1494 685 1562 tertium,
700 1494 828 1563 Parisiis,
846 1497 930 1567 1890.

351 1639 385 1694 In
402 1637 518 1695 tabellis
534 1638 744 1709 epigrammata
762 1636 961 1710 Anthologiae
979 1638 1124 1711 palatinae
1142 1637 1256 1695 duobus
1273 1658 1321 1694 nu·

402 1727 489 1782 meris
503 1727 663 1798 signantur,
678 1743 799 1797 quorum
813 1727 886 1781 alter
897 1727 1001 1782 librum
1015 1727 1151 1783 editionis
1162 1728 1319 1800 parisinae,

404 1817 476 1872 alter
492 1817 587 1888 ipsum
602 1815 773 1888 poemation
789 1816 907 1873 indicat.
923 1816 1048 1887 Quando
1062 1824 1159 1873 autem
1172 1819 1207 1873 de
1222 1819 1321 1873 carmi-

401 1905 487 1960 nibus
496 1905 613 1976 loquor,
622 1921 695 1975 quae
706 1903 737 1958 in
745 1904 830 1961 tertio
840 1905 989 1969 volumine
999 1912 1116 1977 praesto
1131 1914 1206 1974 sunt,
1216 1907 1319 1963 iisdem

404 1994 496 2066 signis
507 2000 582 2061 utor,
593 1993 783 2048 antecedente
796 1993 892 2048 littera
905 1994 943 2050 C.

263 2147 294 2203 S.
306 2179 340 2188 —
353 2145 595 2220 Supplementum
612 2143 854 2216 epigrammatum
867 2145 946 2218 quod
961 2146 998 2202 ad
1010 2155 1099 2220 caput
1111 2148 1141 2203 ΙΙ
1154 2148 1237 2220 hujus
1254 2149 1319 2204 libri

403 2251 545 2290 invenies.

229 2386 293 2443 AL.
306 2417 340 2427 -
354 2385 534 2442 Geschichte
557 2385 607 2440 der
632 2384 836 2456 griechischen
859 2386 1001 2442 Literatur
1024 2387 1055 2441 in
1077 2387 1128 2443 der
1148 2388 1321 2445 Alexandri-

403 2473 524 2541 nerzeit,
537 2491 598 2529 von
611 2475 706 2529 Franz
720 2474 876 2543 Susemihl‚
893 2475 1027 2548 Leipzig,
1044 2478 1208 2550 1891·1892.
1224 2480 1322 2550 Caput

404 2564 533 2618 XXXVI
562 2563 682 2618 secundi
712 2563 869 2620 voluminis
899 2564 1004 2637 (Lyrik
1037 2566 1096 2620 und
1134 2566 1318 2641 Epigramm)

402 2652 540 2725 scriptum
557 2660 601 2708 est
619 2670 637 2706 a
652 2653 818 2709 Knaackio.

220 2803 543 2862 RM.-Rheinisches
565 2804 702 2859 Museum
725 2803 770 2859 fur
794 2804 971 2878 Philologie,
994 2807 1237 2880 herausgegeben
1261 2827 1320 2864 von

405 2895 444 2950 0.
462 2892 597 2948 Ribbeck
611 2893 671 2947 und
688 2892 780 2948 Franz
797 2894 954 2965 Bucheler,
972 2896 1133 2952 Frankfurt.

213 3046 296 3104 CIG.
306 3077 341 3088 -
355 3046 471 3118 Corpus
483 3044 703 3117 inscriptionum
714 3063 896 3119 graecarum,
911 3047 957 3105 ed.
973 3048 1105 3106 Boeckh.

213 3198 339 3255 PLG.-
351 3198 461 3253 Poetae
473 3195 557 3269 lyrici
569 3197 677 3268 graeci,
692 3197 737 3252 ed.
751 3197 861 3269 Bergk.

278 4237 447 4300 Burdigalae.
457 4265 486 4276 -
497 4241 538 4287 Er
548 4239 619 4301 typis
631 4240 663 4289 G.
677 4241 904 4297 Gouuomnuou.
917 4241 962 4290 via
973 4240 1043 4290 dicta
1055 4239 1199 4296 Guiraude,
1216 4253 1256 4287 11.
