2864 4868
157 383 200 451 72
349 377 612 440 ASCLEPIADES,
640 377 870 440 POSIDIPPUS,
896 377 1083 426 HEDYLUS.

198 525 257 590 An
279 529 363 589 sunt
386 520 424 586 in
447 516 689 605 Asclepiadae
713 518 886 605 operibus
913 518 1065 587 eximiae
1090 540 1271 608 compara·

156 638 275 705 tiones
315 646 351 704 et
382 635 640 723 metaphorae?
670 633 738 703 His
769 644 955 722 praestare
985 645 1271 704 consentaneum

155 765 251 822 esset
268 762 414 842 poetam
436 773 576 819 summa
597 750 736 839 ingenii
758 750 930 819 facultate
955 751 1171 838 praeditum.
1197 755 1272 821 Nec

155 892 298 959 semper
319 868 488 936 laudibus
509 866 681 956 indignus
704 877 771 934 est.
790 866 903 936 Valde
924 868 1045 956 placet
1061 883 1092 935 1:

273 1040 307 1103 Εἰ
322 1041 353 1102 δὲ
369 1040 501 1118 μέλαινα,
516 1040 543 1100 τί
556 1043 655 1109 roim
671 1038 719 1100 καὶ
734 1037 880 1121 ἄνθρακες,
897 1037 965 1100 ἀλλ’
981 1037 1027 1101 ὅτ’
1040 1040 1163 1117 ἐκείνους

312 1139 488 1216 Θοίλψωμεν,
503 1135 643 1214 leprosa
659 1137 699 1212 ὡς
714 1136 805 1218 ῥίδεαι
819 1137 953 1213 κάλυκες.

154 1332 420 1405 Venustissima
452 1330 561 1400 nobis
597 1334 813 1399 obversatur
844 1335 934 1401 haec
962 1332 1082 1423 imago
1118 1336 1275 1404 flammei

155 1449 268 1517 floris.
295 1449 370 1516 Sed
396 1447 487 1514 nulli
516 1446 693 1514 amatorio
720 1446 890 1535 scriptori
917 1448 1073 1537 contigit
1097 1452 1275 1537 quosdam

155 1568 258 1635 locos
275 1586 486 1633 communes
504 1564 617 1634 vitare
639 1563 701 1650 qui
722 1563 829 1631 nobis
854 1563 1037 1632 fastidium
1061 1587 1177 1653 paene
1202 1590 1275 1635 mo·

157 1692 255 1765 vent,
276 1683 424 1768 quando
441 1679 702 1767 Anthologiam
718 1701 886 1768 graecam
904 1680 1177 1767 perlustramus.
1197 1684 1277 1751 Per-

156 1808 268 1886 petuo
283 1796 516 1883 reperiuntur
529 1817 645 1878 arcus,
661 1803 698 1861 et
711 1794 877 1884 sagittae,
890 1804 927 1863 et
939 1796 1054 1884 ignes,
1070 1806 1106 1864 et
1117 1797 1274 1887 fulgura,

157 1926 192 1982 et
214 1913 367 1982 cineres.
391 1913 527 1979 Amans
554 1932 681 1978 cereus
703 1910 955 1979 dissolvitur2.
975 1913 1102 1980 Puella
1121 1914 1191 1981 flos
1208 1925 1274 1998 est,

155 2031 213 2097 vel
226 2051 342 2097 novus
353 2028 530 2096 surculus.
543 2029 627 2096 Non
640 2027 718 2095 sine
730 2027 857 2115 lepore
869 2031 993 2109 Πειθοῦς
1004 2035 1087 2097 ἄνθεα
1099 2036 1145 2098 καὶ
1157 2032 1273 2114 Φιλίης,

155 2146 213 2212 vel
229 2153 312 2226 ἄνθος
327 2151 399 2228 ἥβης
419 2145 596 2233 ἁποδρέπειν,
613 2143 692 2210 vel:
711 2151 742 2212 οὔ
760 2173 790 2212 σε
805 2153 889 2227 μόνον
906 2150 1038 2227 ἑληίαατο
1056 2148 1168 2235 Κύπρις
1181 2143 1208 2214 3.
1227 2147 1277 2215 At

157 2262 295 2348 majora
309 2261 487 2349 pluraque
504 2263 550 2328 ab
568 2259 789 2346 Asclepiada
803 2261 1044 2346 postulamus.

201 2381 249 2447 Ut
263 2378 383 2446 varios
395 2399 514 2445 rerum
528 2376 733 2462 adspectus
745 2385 865 2445 motus
877 2376 986 2443 animi
995 2377 1113 2445 reddit
1123 2387 1273 2466 poeta4:

278 2553 359 2629 Νῖφε,
375 2550 577 2629 χαλαζοίίλει,
594 2551 665 2610 ποίει
680 2551 789 2624 σκότος,
806 2542 880 2626 αἴθε,
896 2550 1041 2632 κεραίνον,

320 2650 417 2709 Πάντα
431 2648 466 2709 τὰ
479 2649 643 2729 aopptipour’
657 2646 686 2706 ἐν
700 2645 781 2725 χθονί
797 2652 856 2709 σεῖε
869 2650 947 2727 νέφη.

282 2743 336 2806 Ἢν
351 2748 407 2826 γάρ
424 2767 459 2822 με
473 2746 595 2826 κτείνῃς,
611 2748 675 2806 τότε
688 2746 841 2821 παύσομαι,
855 2743 889 2817 ἢν
905 2745 935 2806 δέ
951 2748 978 2823 μ’
995 2744 1067 2826 ἄφῃς
1080 2747 1113 2823 ζῆ

322 2841 433 2916 Διαθείς
447 2841 495 2902 καὶ
509 2844 614 2903 τούτων
630 2842 758 2924 χείρονα,
773 2844 955 2920 κωμάσομαι.

276 2940 378 3002 Ἓλκει
391 2942 446 3019 γάρ
463 2939 491 3017 μ’
508 2941 523 3001 ὸ
537 2947 646 3021 κρατῶν
661 2939 710 3000 καὶ
727 2941 774 3002 σοῦ
789 2942 862 3016 debr,
879 2939 902 3017 ᾧ
915 2961 983 3002 ποτε
997 2942 1130 3017 πεισθείς,
1252 2962 1255 2968 ·

321 3040 383 3116 Ζεῦ,
401 3039 446 3099 διὰ
460 3039 606 3120 χαλκείων
620 3039 724 3119 χρυσὸς
739 3038 802 3113 ἕδος
815 3039 964 3116 θαλάμων.
1153 3047 1156 3052 “

203 3232 421 3301 Bellatorius
445 3233 549 3299 stilus
573 3243 638 3315 est,
664 3242 774 3320 atque
797 3233 898 3300 velut
921 3234 1119 3322 pugnantis
1142 3238 1279 3305 clamor

161 3358 267 3416 sonat
290 3356 376 3434 post
399 3357 453 3415 tot
478 3357 651 3434 tantaque
673 3350 785 3415 verba
810 3354 995 3434 κωμάσομαι;
1017 3372 1136 3438 neque
1162 3352 1278 3420 ironia

161 3464 319 3531 abstinet
334 3463 494 3530 fervidus
510 3485 646 3547 amans,
666 3472 775 3550 atque
787 3465 870 3552 Jovi
893 3465 930 3531 in
951 3466 1161 3534 memoriam
1180 3490 1280 3536 revo-

162 3589 220 3647 cat
245 3601 336 3666 quae
366 3580 552 3665 quondam
578 3580 706 3646 fecerit
731 3589 770 3646 ut
793 3581 946 3647 Danaen
974 3581 1101 3648 adiret.
1131 3583 1280 3653 Summa

161 3696 214 3763 vis
232 3706 286 3763 est
302 3676 471 3792 vocabuli
487 3705 604 3784 χρυσός.
623 3698 705 3763 Non
720 3695 798 3783 pari
816 3718 925 3764 sensu
944 3697 1079 3765 dictum
1098 3709 1218 3766 esset:
1240 3706 1280 3783 εἱς

161 3817 265 3899 χρυσὸν
278 3800 500 3894 μεταπλασθείς.
515 3811 567 3876 Ita
576 3810 636 3876 ille
651 3812 803 3878 deorum
814 3821 917 3898 pater
930 3823 1040 3899 atque
1049 3812 1218 3883 dominus
1229 3816 1279 3882 nil

208 4037 230 4070 1.
248 4022 304 4069 ΑΡ.
317 4022 350 4077 V,
364 4035 423 4069 210.

204 4113 228 4146 2.
247 4100 319 4146 Ibid.

203 4174 227 4223 3.
246 4175 301 4221 ΑΡ.
315 4174 371 4230 Xll,
388 4173 450 4232 θῶς
470 4175 608 4239 v11,217;
629 4176 686 4232 XII,
703 4176 744 4227 50.

202 4266 227 4314 4.
246 4251 300 4299 ΑΡ.
316 4250 347 4305 V,
360 4247 403 4313 64.
