2864 4868
156 363 202 431 tio
349 380 611 444 sscrsrmors,
639 381 1082 445 Posto1PPUS,1rtrorLUs.

554 780 602 830 DE
628 777 872 831 ACCUSATIVO

200 990 359 1058 Primum
372 989 518 1058 additur
527 989 649 1057 verbis
664 988 804 1071 activis,
820 1009 973 1076 quorum
987 991 1078 1057 haec
1091 1012 1270 1079 apponam

156 1129 200 1175 ex
225 1105 467 1194 Asclepiadae
492 1103 743 1172 carminibus:
772 1109 889 1173 ἑπιδύνω
913 1106 971 1191 (V,
1003 1103 1098 1195 189);
1126 1107 1271 1199 ἁστράστω

156 1224 250 1310 (Xll,
276 1223 368 1306 161);
393 1221 491 1308 quod
517 1220 711 1306 assumpsit
733 1220 919 1309 Meleager
939 1220 1032 1307 (XII,
1056 1220 1139 1307 84):

418 1392 608 1476 ἀπαστράπτει
622 1391 734 1466 κάλλος
749 1391 864 1475 ἑρπετὸν
880 1391 985 1455 ἰδεῖν...

200 1594 345 1660 Addam
369 1599 507 1682 τραυλίζω
528 1600 628 1681 ρίλτρσ
650 1592 858 1677 (Xll,'162).
885 1592 1106 1682 Posidippus
1128 1596 1273 1683 scripsit

156 1719 259 1800 φρίσσω
276 1713 346 1798 lpas
362 1710 454 1795 (Vll,
477 1708 559 1797 267)
578 1729 785 1795 quanquam
805 1709 987 1776 Homerus
1006 1718 1146 1777 tantum
1163 1714 1272 1780 habet

155 1835 258 1915 φρίσσω
284 1829 353 1895 τινά.
384 1825 565 1912 Hedylum
595 1825 805 1892 evolventes
833 1825 1152 1894 animadvertimus
1179 1828 1268 1914 (AC.

155 1942 197 2025 ll,
224 1942 315 2028 134):

393 2051 446 2111 Τὸν
462 2049 691 2128 καλαμαυλητὴν
707 2051 818 2112 εἴπατε·
833 2053 936 2132 Χαῖρε,
951 2051 1043 2114 Θέων.

199 2254 309 2340 Quod
327 2253 364 2319 in
380 2251 588 2320 memoriam
607 2260 758 2320 revocat
773 2255 847 2320 κακὰ
863 2259 958 2340 λέγειν
977 2257 1047 2321 τινά.
1068 2254 1191 2339 Quare
1214 2255 1272 2322 hic

156 2390 231 2435 non
246 2370 444 2436 habemus:
469 2394 483 2429 ‹
503 2368 611 2436 Salve
631 2367 741 2434 dicite
757 2368 912 2449 Theoni,
930 2395 944 2429 >
965 2368 1031 2434 sed
1051 2394 1064 2428 ί
1084 2369 1271 2437 Theonem

156 2485 373 2552 salutatione
394 2485 493 2551 haud
515 2483 705 2572 indignum
721 2481 929 2569 judicate».

178 2593 378 2668 'Addenda
416 2600 593 2686 quaedam
626 2601 738 2666 verba
775 2600 942 2667 absolute
975 2599 1097 2686 posita
1124 2611 1165 2668 ut
1198 2606 1269 2685 αἴθε,

154 2716 197 2796 V,
218 2716 264 2801 64
287 2714 483 2801 (Asclep.);
513 2721 648 2797 βάλλετε,
668 2715 747 2797 XII,
768 2716 813 2800 45
843 2714 1050 2802 (Posidip.),
1076 2725 1112 2783 et
1133 2727 1269 2806 πρόσαγε,

154 2832 232 2913 XII,
256 2851 319 2896 120
339 2831 544 2917 (Posidip.).

198 2947 329 3035 Figura
354 2946 611 3034 etymologica,
640 2946 869 3014 accusativus
893 2947 1069 3014 neutralis
1104 2948 1272 3035 adjectivi

153 3063 267 3128 verbo
281 3061 482 3147 appositus,
498 3071 607 3147 atque
625 3061 851 3129 accusativus
867 3061 1029 3129 adverbii
1039 3061 1155 3130 vicem
1174 3086 1272 3151 prae·

154 3186 265 3260 stans,
301 3185 401 3244 arcta
429 3178 583 3263 quadam
614 3176 884 3243 necessitudine
913 3187 1194 3262 connectuntur,
1228 3183 1271 3247 de

155 3292 285 3378 quibus
311 3293 385 3380 jam
410 3292 448 3358 in
473 3293 544 3360 alio
571 3292 720 3359 libello¹
750 3292 915 3360 disserui.
944 3293 1045 3360 Haec
1069 3303 1154 3361 sunt
1178 3316 1271 3382 quae

153 3430 251 3475 nunc
274 3410 401 3476 afferre
424 3416 605 3495 oporteat.

197 3524 431 3611 Asclepiad.:
462 3532 531 3592 πίνω
563 3533 640 3608 πὸμε
671 3526 764 3610 (ΧΠ,
793 3527 868 3610 5ο);
899 3531 1021 3619 κατηφὲς
1046 3533 1145 3610 βλέπω
1174 3529 1268 3614 (ΧΠ,

158 3638 252 3723 135);
271 3640 402 3723 ἁζήλωτπ
417 3647 549 3730 ριλέεμπι
567 3639 662 3725 (ΧΠ,
686 3643 782 3725 105);
805 3657 896 3730 κοῦρε
911 3647 1071 3727 τινάσσεμαι
1090 3644 1148 3729 (V,
1172 3644 1267 3729 203).

154 3756 215 3824 Oia
234 3758 292 3841 (V,
321 3758 398 3845 194)
420 3756 527 3842 plane
551 3756 760 3824 adverbium
781 3767 847 3825 est.

199 3870 386 3956 Posidip.:
419 3868 523 3938 Ῥαίνω
546 3875 650 3955 ἰκμάδα
676 3875 734 3957 (V,
765 3872 859 3958 134);
890 3877 981 3942 λευκὰ
1007 3882 1151 3964 ρεληριὸω
1175 3876 1267 3962 (AC.

155 3986 216 4069 III,
242 3988 316 4077 79);
343 3989 435 4075 μαυρὰ
457 3994 554 4069 βλέπω
576 3987 668 4074 (AC.
698 3991 741 4071 V,
772 3990 842 4073 15);
868 3995 943 4078 ὁράω
963 4007 1018 4080 πῦρ
1038 3993 1148 4078 (XVI,
1180 3995 1267 4080 119).
1305 4053 1309 4060 .

155 4103 236 4169 Hoc
268 4110 323 4167 est
358 4102 548 4169 flammatis
585 4104 700 4170 oculis
735 4105 893 4191 adspici3
935 4109 1033 4193 quod
1069 4107 1270 4175 insolenter

110 4262 112 4268 ¹
200 4287 222 4323 ι.
240 4271 280 4320 cf.
295 4271 411 4319 libellum
423 4230 507 4321 meum
521 4273 552 4322 de
565 4273 708 4335 Meleagro,
723 4291 749 4340 p.
766 4289 812 4338 14²
825 4290 880 4336 sqq.
