2864 4868
210 359 254 426 26
400 373 663 435 ascensuum,
691 369 1134 433 P081D1PPUS,HEDYLUS.

252 518 328 584 ΑΡ.
347 518 390 598 V,
411 535 477 582 202
499 512 650 600 (Veneri
673 512 734 578 dat
751 512 936 600 flagellum
959 512 1196 597 habenasque
1218 531 1332 577 mere·

209 631 279 699 trix
296 632 446 719 Plagg0‚
467 632 514 696 ob
533 629 724 695 victoriam
741 649 850 714 quam
864 626 901 693 in
920 626 1105 693 amatoriis
1124 627 1331 694 certamini-

209 748 276 813 bus
300 745 382 812 tulit
404 746 449 811 de
471 743 702 827 Philainide).
726 743 855 824 Palat.,
881 741 1124 828 Asclepiadae
1145 750 1209 808 aut
1232 741 1332 808 Posi·
1367 819 1371 822 p

209 860 323 948 dippi.
341 860 375 926 A
390 859 575 926 Brunckio
593 858 689 925 inter
703 856 947 945 Asclepiadea
964 856 1116 924 relatum
1134 857 1299 942 (XXIX).

253 974 429 1061 Quaestio
450 984 505 1042 est
522 973 690 1055 difficilis,
709 994 817 1060 quam
832 973 955 1039 nullus
972 974 1091 1039 adhuc
1108 971 1329 1040 enucleavit.

210 1090 440 1180 Epigramma
467 1110 678 1176 expressum
705 1097 760 1154 est
784 1109 803 1155 e
828 1096 1005 1174 sequente
1030 1089 1088 1172 (V,
1118 1086 1203 1173 203)
1230 1088 1332 1173 quod

208 1206 353 1292 scripsit
367 1203 616 1291 Asclepiades.
640 1205 735 1271 Num
751 1202 894 1270 Samius
916 1212 988 1269 tam
1012 1212 1181 1271 accurate
1204 1212 1334 1269 semet·

208 1321 325 1408 ipsum
353 1319 515 1386 imitatus
543 1319 662 1386 esset?
689 1320 773 1386 Non
801 1317 925 1401 credo,
954 1339 1075 1405 neque
1107 1317 1145 1384 id
1173 1336 1330 1404 usquam

208 1436 297 1502 alias
313 1434 412 1501 fecit.
442 1435 564 1501 Verba
591 1433 636 1500 ad
665 1432 760 1519 epici
789 1432 958 1500 carminis
986 1431 1203 1521 gravitatem
1231 1452 1332 1500 acce·

210 1549 313 1617 dunt.
337 1549 419 1617 Hoc
442 1549 644 1636 Posidippo
666 1548 781 1637 magis
806 1557 1094 1616 consentaneum
1109 1563 1134 1615 1.

253 1665 382 1732 Omnis
404 1665 584 1732 dubitatio
609 1665 752 1731 sublata
775 1664 870 1731 foret
893 1662 922 1729 si
946 1664 1115 1730 assentiri
1138 1684 1330 1750 possemus

209 1781 379 1850 Heckero
393 1795 420 1846 2.
438 1780 604 1848 Affirmat
620 1780 676 1846 vir
687 1781 818 1846 doctus
830 1800 899 1846 nos
912 1778 1179 1862 dedicationem
1192 1780 1330 1848 habere

208 1899 245 1963 in
277 1897 414 1984 templo
446 1895 622 1963 Arsinoes
653 1893 902 1983 Zephyritidis
936 1893 1159 1982 inscriptam.
1191 1894 1231 1962 Si
1257 1897 1330 1964 hoc

209 2011 395 2080 evinceret
408 2020 686 2092 commentator,
707 2010 828 2077 statim
846 2020 1041 2097 appareret
1057 2010 1217 2098 scriptor
1231 2011 1330 2079 Posi-

208 2125 379 2215 dippus3.
426 2128 487 2193 Me
525 2147 614 2194 vero
645 2125 683 2192 in
720 2125 995 2213 persuasionem
1031 2147 1106 2192 non
1142 2126 1330 2194 adducunt

207 2242 366 2311 Heckeri
388 2251 615 2331 argumenta.
641 2240 681 2309 Si
705 2242 800 2310 bene
822 2240 943 2323 video,
963 2244 1057 2310 hanc
1081 2244 1193 2309 habet
1215 2241 1327 2310 disse·

209 2359 311 2426 rendi
327 2358 528 2425 rationem:
564 2384 568 2388 ’

250 2475 402 2542 Attente
420 2483 587 2560 quartum
603 2494 747 2542 versum
764 2473 952 2562 legamus:

471 2632 640 2717 Ἑσπερίνων
655 2632 760 2696 πώλων
775 2634 837 2718 ἄρτι
853 2637 1077 2718 φρυασσομένων.

206 2821 277 2888 Hic
298 2819 424 2888 alludit
445 2830 555 2908 poeta
580 2821 626 2887 ad
648 2819 790 2888 divinos
816 2822 976 2888 honores
1001 2820 1133 2906 quibus
1156 2821 1329 2888 decorata

206 2936 323 3004 fuerat
338 2936 501 3025 Aegypti
517 2937 656 3025 regina.
673 2935 859 3004 Audiebat
872 2936 969 3003 enim
985 2938 1109 3004 Venus
1132 2937 1326 3024 equestris,

206 3061 246 3118 ut
271 3050 445 3140 indagare
477 3072 668 3138 possumus
698 3073 717 3118 e
745 3050 878 3119 Catulli
904 3060 1133 3138 pentametro
1163 3051 1261 3138 quod
1290 3051 1327 3118 in

207 3166 321 3235 Coma
340 3167 537 3234 Berenices
558 3167 756 3235 invenitur.

318 3331 320 3335 ’
425 3327 556 3389 Obtulit
569 3327 726 3389 Arsinoes
741 3327 897 3388 Locridos
913 3327 981 3390 ales
997 3346 1110 3406 equos.

252 3511 487 3579 ‹Locridos>
508 3512 615 3580 docte
632 3521 845 3600 usurpatum
863 3523 920 3580 est
939 3535 1005 3601 pro
1022 3514 1295 3601 Zephyritidos.
1330 3565 1331 3568 ,
1375 3516 1377 3523 '

250 3627 353 3712 Quae
373 3627 566 3715 ingeniosa
588 3637 673 3696 sunt
696 3638 732 3696 et
759 3628 977 3696 eruditionis
1002 3629 1113 3716 plena
1135 3639 1172 3696 at
1194 3631 1325 3699 mirum

206 3742 244 3807 in
271 3744 418 3809 modum
445 3752 625 3811 contorta.
663 3743 738 3811 Sed
765 3743 835 3811 alia
864 3746 1041 3830 quaedam
1070 3744 1326 3815 animadvertit

205 3857 405 3940 Heckerus,
429 3877 449 3924 e
471 3859 602 3944 quibus
623 3859 736 3926 multo
758 3861 840 3946 plus
859 3858 974 3949 frugis
994 3860 1250 3929 nanciscimur.

250 4025 272 4060 1.
291 4011 332 4059 cf.
345 4011 422 4066 iufra,
436 4025 494 4072 cap.
507 4011 551 4068 1v‚
564 4012 596 4061 de
607 4015 744 4062 verborum
757 4013 868 4063 delectu.

248 4099 273 4135 2.
292 4087 334 4136 cf.
349 4088 543 4136 Commutatio
554 4088 653 4136 critica
664 4090 695 4136 de
706 4089 870 4149 Anthologr'o
878 4103 992 4150 graeca,
1007 4089 1133 4152 Lugduni
1151 4091 1323 4150 Batavorum,

210 4159 353 4287 laggei?
360 4177 485 4297 ipseqeqlron
500 4238 572 4287 videt
588 4238 722 4288 Heckerus
737 4239 782 4300 qui
797 4254 890 4288 nomen
907 4241 1079 4303 Asclepiadae
1093 4248 1188 4291 servat.
