2864 4868
210 404 268 451 ιη
396 399 658 463 nscremanes,
687 396 1131 462 commendationum.

205 552 398 630 ponantur.
418 544 613 613 Pensitatis
629 554 835 613 nostrorum
856 542 1022 612 versibus
1036 543 1131 609 hanc
1151 539 1322 608 tabellam
1382 524 1384 528 ’

203 659 457 727 nanciscimur.
476 661 516 726 In
535 663 745 729 hexametro
762 657 1080 747 interpunctiones
1096 657 1254 724 habent:

247 778 506 865 Asclepiades:
526 788 609 866 post
622 779 773 868 primam
791 777 899 860 arsin,
920 776 960 860 33
979 783 1064 862 post
1078 772 1235 862 primum
1252 781 1324 840 tro·

203 895 365 976 chaeum,
392 894 429 978 33
453 905 537 984 post
557 896 710 983 primum
731 894 970 984 spondaeum,
998 913 1035 976 2;
1060 899 1146 979 post
1165 889 1322 978 primum

204 1010 398 1097 dactylum,
430 1033 462 1095 ις
491 1022 575 1099 post
604 1011 902 1094 trithemimeren,
933 1009 971 1093 33
1002 1016 1087 1096 post
1122 1006 1322 1074 secundum

203 1128 425 1209 trochaeum,
443 1147 481 1211 2;
501 1138 584 1215 post
600 1130 799 1196 secundum
817 1127 1052 1215 spondaeum,
1076 1134 1109 1207 ιζ
1132 1132 1217 1211 post
1241 1144 1324 1211 pen·

203 1241 451 1324 themimeren,
488 1242 544 1326 163
578 1252 662 1332 post
693 1243 916 1312 trochaicam
950 1240 1104 1322 tertiam,
1142 1259 1199 1321 123
1241 1248 1325 1327 post

202 1359 527 1445 hepthemimeren,
549 1359 585 1443 33
608 1371 692 1447 post
714 1359 931 1440 bucolicam,
953 1377 1018 1443 403
1043 1365 1128 1445 post
1156 1354 1322 1443 quintum

203 1478 428 1558 trochaeum,
452 1499 490 1568 73
514 1487 598 1564 post
619 1487 758 1544 sextam
782 1475 891 1560 arsin,
920 1498 948 1543 r.

246 1591 495 1678 Posidippus:
522 1600 607 1679 post
632 1592 788 1680 primum
814 1591 1050 1678 spondaeum,
1079 1612 1111 1675 ¹3
1144 1598 1230 1679 post
1253 1588 1323 1676 pri·

202 1728 298 1775 mum
315 1707 510 1795 dactylum,
532 1710 570 1793 53
596 1719 681 1796 post
698 1708 998 1790 trithemimeren,
1022 1707 1061 1793 63
1088 1716 1171 1796 post
1195 1727 1323 1774 secun·

204 1824 287 1891 dum
327 1826 549 1908 trochaeum,
597 1844 629 1910 1;
670 1834 754 1913 post
789 1826 1115 1914 penthemimeren,
1158 1824 1196 1907 53
1239 1831 1324 1910 post

203 1938 424 2008 trochaicam
449 1941 603 2025 tertiam,
631 1965 686 2026 ¹13
711 1953 794 2029 post
815 1934 1138 2029 hepthemimeren,
1166 1938 1202 2022 33
1238 1948 1323 2026 post

201 2055 416 2138 bucolicam,
446 2056 506 2142 263
534 2066 618 2145 post
642 2059 952 2142 ennhemimeren,
983 2080 1018 2141 ¹3
1045 2064 1129 2145 post
1154 2055 1321 2142 quintum

201 2175 423 2255 trochaeum,
450 2197 477 2241 1.

245 2287 409 2377 Hedylus
433 2312 441 2356 ι
466 2301 551 2378 post
574 2291 728 2378 primum
758 2292 955 2379 dactylum,
982 2312 1014 2375 1;
1040 2299 1124 2378 post
1148 2288 1323 2358 trithemi-

201 2425 337 2489 meren,
356 2405 394 2490 63
415 2418 498 2495 post
516 2408 717 2475 seeundum
734 2408 929 2495 dactylum,
950 2431 985 2491 13
1010 2415 1094 2495 post
1119 2406 1321 2496 penthemi-

201 2543 337 2606 meren,
352 2543 395 2611 73·
410 2533 494 2609 post
506 2523 727 2592 trochaicam
739 2523 893 2608 tertiam,
909 2523 945 2607 33
964 2531 1048 2610 post
1060 2522 1320 2610 hepthemime-

200 2659 277 2720 ren,
301 2660 335 2720 13
360 2648 445 2724 post
462 2640 680 2722 bucolicam,
704 2662 758 2724 1¹3
784 2649 868 2726 post
885 2638 1049 2726 quintum
1068 2638 1265 2725 dactylum,
1287 2638 1319 2706 3.

245 2753 340 2820 Hinc
367 2765 518 2843 apparet
544 2755 688 2842 saepius
719 2756 980 2846 interpungere
1008 2765 1119 2844 atque
1144 2755 1321 2823 audacius

199 2867 457 2960 Asclepiaden.
474 2873 559 2940 Non
575 2872 652 2940 sine
671 2872 869 2960 leporibus,
888 2893 970 2941 meo
991 2872 1136 2961 quidem
1154 2871 1317 2954 arbitrio,

199 2985 244 3071 V,
274 2985 349 3073 164,
374 2996 410 3054 et
430 2988 491 3072 VI,
516 2988 613 3056 308:

398 3129 467 3208 Νύξ,
484 3133 514 3194 σὲ
528 3133 584 3215 γὰρ
599 3131 655 3195 οὐδ’
670 3133 816 3211 ἁλλην...,

398 3225 491 3303 Κάμὲ,
506 3227 588 3307 χάριν
599 3228 722 3301 Μούσαις
735 3228 781 3288 τοι
795 3227 922 3304 κωμικύν
937 3224 991 3306 ipis
1006 3227 1133 3311 Χάρητα.
1190 3301 1194 3316 ,

243 3391 316 3462 Alii
338 3402 477 3477 contra,
499 3395 607 3463 unius
630 3395 779 3480 tenoris,
802 3396 913 3484 plena
934 3404 1020 3463 sunt
1042 3395 1181 3484 gratiae
1205 3405 1316 3484 atque

200 3508 384 3579 mollitiae.
411 3512 454 3594 V,
484 3509 573 3601 169:

397 3652 503 3809 Ἥδιονλ
509 3651 533 3715 δ’
549 3654 650 3718 hadent
665 3657 759 3738 κρύψῃ
775 3657 825 3734 μία
838 3656 902 3730 τούς
916 3656 1063 3736 ριλὲοιτας

456 3748 483 3808 Χ
505 3752 609 3809 αῖνα...

242 3903 462 3995 Posidippus
501 3905 681 3975 interdum
717 3908 835 3974 nullas
872 3907 1021 3976 adhibet
1064 3907 1314 3997 distinguendi

198 4029 314 4107 notas,
330 4032 370 4089 ut
382 4021 527 4112 gravius
541 4022 811 4110 solemniusque
826 4031 932 4091 sonet
946 4023 1074 4090 oratio.
1089 4021 1167 4090 AC.
1181 4022 1208 4105 I,
1226 4024 1289 4092 116
1305 4046 1312 4090 ε

334 4178 420 4238 Τοῦτο
435 4175 482 4237 καὶ
498 4176 525 4237 ἐν
538 4185 654 4256 ποταμῷ
669 4175 717 4238 καὶ
733 4175 777 4237 tel
792 4177 870 4259 χθονὶ
886 4181 937 4252 τῆς
951 4177 1134 4258 Φιλαδέλφου

375 4269 512 4352 Κύπριδος
528 4269 669 4332 ἱλάσκεσθ’
686 4269 759 4351 ἱερόν
780 4265 937 4351 Ἀρσινόης.
