2864 4868
220 369 265 439 88
409 386 673 448 aserenam,
702 385 1147 448 compossessorem.

269 531 387 614 ‘Helua
406 531 450 612 V,
480 529 582 620 169,1
606 527 757 615 longum
778 527 902 593 habet.
931 526 971 592 In
993 524 1170 612 ejusmodi
1196 548 1339 616 compa·

219 649 342 716 rativis
379 646 516 714 vocalis
552 645 766 733 plerumque
799 642 1015 730 producitur
1047 643 1146 728 apud
1178 643 1335 729 AttIcos,

218 764 414 851 corripitur
434 760 531 850 apud
552 761 764 828 Homerum.

268 880 372 970 Ἱερός,
390 880 434 962 V,
457 897 532 967 194,
551 877 757 964 tribrachys
776 885 843 958 est,
861 884 897 942 at
920 875 1015 963 epici
1037 877 1251 964 producunt
1273 908 1281 947 ι
1302 877 1338 943 in

219 997 302 1064 arsi.
1251 1058 1256 1066 .

268 1111 382 1199 Ἰσχύω,
412 1111 456 1192 V,
492 1109 566 1199 167,
597 1107 748 1195 corripit
775 1108 1047 1195 paenultimam.
1079 1110 1189 1196 Quod
1219 1130 1338 1176 rarum

217 1240 283 1312 est,
309 1229 373 1295 sed
398 1225 557 1293 occurrit
579 1224 761 1291 interdum
790 1222 827 1289 in
851 1224 1000 1304 Pindari
1023 1233 1132 1312 atque
1157 1226 1338 1293 recentio·

217 1368 294 1413 rum
316 1353 505 1432 poetarum
527 1340 714 1428 operibus.

262 1464 375 1541 Κκλὸς,
401 1460 445 1540 V,
472 1477 558 1544 2073
582 1455 644 1536 Vl,
676 1454 761 1538 3083
792 1456 869 1539 XII,
902 1456 978 1540 163,
1009 1457 1161 1545 primam
1192 1479 1338 1545 semper

215 1579 362 1645 brevem
400 1575 523 1640 habet.
558 1572 662 1657 Quae
699 1570 811 1659 longa
848 1581 903 1638 est
939 1572 1036 1661 apud
1067 1573 1270 1643 Homerum
1304 1559 1362 1641 et

216 1693 376 1777 reliquos
401 1688 540 1774 epicos.
1134 1695 1138 1700 ·

260 1810 395 1894 Καρῖδες,
413 1806 456 1884 V,
481 1802 556 1885 185,
580 1802 839 1888 paenultimam
862 1804 1044 1891 producit.
1068 1806 1178 1894 Apud
1200 1806 1339 1875 Aristo·

215 1925 370 2010 phanem
404 1919 440 1986 in
471 1918 603 2004 Vespis
635 1919 708 1985 duo
741 1918 883 2006 priores
920 1919 1083 2007 syllabae
1121 1923 1336 1990 trochaeum

215 2029 401 2105 efficiunt».
672 2031 676 2038 '
1085 2039 1088 2043 ’
1252 2044 1256 2051 “
1296 2039 1299 2044 ’

226 2198 230 2203 -
259 2157 368 2235 Haeo,
381 2144 626 2240 ‘diphtongum
643 2171 740 2217 nunc
757 2151 904 2239 longam
922 2153 1021 2219 n'unc
1038 2155 1186 2222 brevem
1204 2155 1331 2222 habet.

214 2267 383 2356 Legimus
400 2265 516 2333 enirn:
623 2262 626 2269 ’
692 2242 699 2257 ’

214 2384 289 2450 ΑΡ.
309 2383 387 2465 XII,
406 2382 476 2467 46:
550 2430 553 2435 -

716 2499 742 2559 τί
756 2502 887 2576 ποιήσετε

213 2646 321 2724 atque
339 2637 414 2705 ΑΡ.
433 2638 477 2720 V,
501 2637 585 2723 164:

574 2781 774 2862 χαλκζσὸέλει,
791 2782 862 2843 soler
879 2785 1019 2856 σκότος...
1113 2792 1115 2797 ’

212 2953 402 3023 Simillima
419 2957 558 3045 profert
576 2957 797 3045 Posidippus
817 2981 825 3024 :

263 3069 336 3154 Ἀεί,
365 3074 408 3155 V,
438 3094 520 3156 211;
549 3074 628 3157 XII,
660 3076 739 3163 275,
770 3074 922 3161 primam
957 3075 1120 3163 corripit.
1143 3078 1334 3149 Interdum

212 3186 308 3273 apud
329 3187 492 3255 Graecos
513 3189 556 3256 ἀεί
579 3189 785 3276 spondaeus
811 3200 879 3256 est.

265 3301 406 3392 Ἀνιηρὸς,
429 3305 507 3387 XII,
530 3303 587 3393 98,
611 3306 956 3391 antepaenultimam
978 3309 1160 3394 producit.
1179 3312 1238 3383 De
1263 3336 1335 3401 quo

211 3420 335 3487 videas
352 3441 474 3507 supra.
608 3421 610 3426 ’

262 3535 364 3625 ‘lapte
383 3536 537 3603 Primam
560 3557 657 3603 nunc
679 3537 826 3626 longam
846 3539 943 3625 (AC.
963 3541 989 3622 Ι,
1016 3541 1218 3628 116)’1111111
1246 3566 1334 3613 vero

211 3653 359 3718 brevem
379 3653 489 3719 habet
504 3651 597 3738 (AC.
619 3653 678 3735 III,
698 3652 769 3739 81).

224 3814 228 3821 -
256 3765 369 3848 Ἵλκος,
394 3768 472 3849 XII,
497 3767 856 3837 131.Paenu1timam
879 3772 1061 3857 producit.
1085 3774 1141 3840 De
1164 3796 1336 3851 mensura

213 3881 346 3948 Graeci
368 3901 442 3947 non
464 3882 713 3951 consentiunt.
1288 3904 1292 3909 ·

256 3998 434 4085 Θυγατέρες,
464 3996 543 4064 AC.
572 3998 632 4081 ΙΙΙ,
664 3998 719 4066 81.
748 4000 788 4066 In
817 4022 861 4069 eo
888 4005 1002 4070 verbo
1037 4003 1153 4093 prima
1189 4028 1335 4097 semper

211 4121 381 4214 correpta
403 4111 482 4194 fuit,
507 4113 577 4178 nisi
600 4114 664 4180 ubi
689 4137 817 4182 versus
839 4118 1009 4184 heroicus
1035 4118 1183 4208 longam
1207 4132 1334 4208 postu·

209 4228 320 4295 labat.
340 4228 445 4295 Hanc
462 4228 669 4296 libertatem
686 4230 755 4299 sibi
773 4233 969 4320 assumpsit
986 4235 1221 4323 posidippus,
