2864 4868
159 354 205 441 46
352 372 616 435 ASCLEPIADES,
643 369 873 433 POSIDIPPUS,
900 369 1087 419 HEDYLUS.

159 514 253 580 visse
269 528 292 578 ¹.
312 513 470 597 Quando
494 511 729 598 sequipedale
751 513 901 578 verbum
923 511 1073 578 adhibet
1095 509 1132 577 id
1154 510 1277 596 potius

158 629 236 715 ipse
261 627 400 717 fingere
425 627 559 695 solet2.
584 627 770 695 Nonnulla
794 626 830 692 in
857 626 934 712 ejus
957 626 1233 714 epigrammatis
1259 648 1278 692 e

158 744 359 811 comoediis
376 745 618 826 defluxerunt,
637 751 747 829 atque
764 763 838 809 non
855 741 1059 810 medioeres
1071 741 1167 809 sales
1180 741 1279 831 inge-

159 869 243 925 runt
270 858 448 945 poematis
469 858 514 924 ad
535 857 726 925 mimorum
753 855 1026 924 similitudinem
1050 857 1277 943 compositis.

158 977 337 1063 Μυρώπελις
350 976 409 1060 (V,
433 973 521 1060 181),
544 983 626 1062 καρίς
640 975 698 1059 (V,
722 972 812 1059 185),
835 981 930 1052 (uniet
945 974 1003 1059 (V,
1023 971 1113 1059 158),
1137 980 1280 1062 σκόμβρος

158 1092 216 1177 (V,
249 1089 337 1175 181),
369 1100 405 1158 et
431 1099 557 1179 κέρματα
586 1092 644 1176 (V,
683 1089 759 1176 181)
786 1091 881 1156 bene
912 1098 1001 1157 nota
1029 1098 1115 1155 sunt
1144 1089 1189 1156 iis
1217 1089 1279 1176 qui

157 1204 415 1292 Aristophanis
432 1205 640 1272 comoedias
657 1204 906 1293 perlegerunt.
928 1203 968 1271 Si
985 1203 1022 1270 in
1039 1225 1172 1292 magna
1188 1206 1279 1271 urbe

158 1320 396 1388 habitavisset
423 1319 674 1406 Asclepiades,
704 1322 749 1387 ab
777 1319 908 1387 incolis
936 1320 1143 1386 eommunia
1168 1322 1281 1388 verba

158 1445 343 1504 mutuatus
370 1446 477 1504 esset.
509 1435 552 1502 Ei
584 1435 722 1523 profuit
749 1434 995 1502 Alexandriae
1024 1457 1100 1502 non
1129 1435 1277 1503 vixisse.

159 1551 418 1619 Recentiorum
458 1561 578 1618 tamen
618 1551 766 1620 inventa
805 1550 843 1616 in
878 1549 1045 1618 versibus
1084 1551 1281 1637 aliquoties

157 1666 315 1748 admisit,
340 1675 376 1732 at
398 1667 592 1733 rarissime.
615 1666 877 1733 Annumerabo
900 1673 1062 1732 tantum:

203 1784 384 1863 Γλαυκίσκς
405 1784 463 1868 (V,
492 1781 581 1867 185).
600 1781 771 1848 Occurrit
789 1783 941 1848 verbum
962 1781 1059 1868 apud
1078 1782 1200 1849 varios
1222 1803 1281 1850 co·

159 1897 325 1964 moediae
343 1918 460 1965 novae
483 1897 694 1984 scriptoreS,
724 1918 816 1985 quos
837 1896 874 1962 in
893 1897 1080 1964 Thesauro
1101 1897 1281 1984 Stephani

159 2013 326 2081 laudatos
345 2012 521 2081 invenies.

203 2132 319 2216 Λύγδος
336 2130 394 2213 (V,
419 2112 509 2219 194).
524 2131 718 2216 Nunquam
731 2140 815 2198 ante
829 2128 1072 2216 Asclepiaden
1086 2129 1278 2216 reperitur,

158 2245 225 2311 sed
242 2243 371 2331 procul
389 2243 500 2311 dubio
518 2254 572 2312 est
589 2245 720 2332 lapidis
743 2267 877 2312 nomen
899 2267 974 2313 non
992 2268 1013 2312 a
1029 2255 1139 2332 poeta
1154 2244 1280 2313 fictum

158 2358 282 2424 fuisse.
300 2360 420 2425 Voces
438 2358 532 2425 enim
549 2380 641 2446 quae
659 2380 717 2426 res
730 2381 844 2427 novas
859 2358 1036 2444 indicant,
1052 2360 1156 2427 simul
1170 2370 1281 2447 atque

159 2494 218 2539 res
235 2472 332 2558 ipsas
349 2473 387 2539 in
403 2494 506 2539 usum
522 2473 684 2541 veniunt.

202 2586 339 2654 Similis
363 2596 419 2653 est
440 2589 606 2674 quaestio
625 2590 670 2656 de
692 2592 806 2657 verbo
828 2590 1015 2678 ἁναλέγεμκι,
1038 2591 1098 2672 ΙΧ,
1119 2589 1177 2657 63.
1196 2591 1280 2658 Hoc

157 2701 253 2769 enim
276 2723 351 2768 non
376 2710 431 2768 est
457 2703 688 2790 ‹colligerer›
709 2704 773 2770 sed
797 2705 964 2792 «scripta
980 2706 1103 2794 legere
1121 2733 1150 2772 ›.
1174 2707 1281 2799 Patet

157 2818 250 2882 hanc
286 2837 419 2882 novam
458 2817 775 2905 significationem,
810 2820 856 2885 ab
891 2819 1112 2908 Asclepiada
1142 2820 1280 2889 illatam

157 2952 233 2997 non
258 2930 396 2996 fuisse:
424 2942 592 2999 auctores
617 2924 701 3000 sunt
728 2955 855 3001 omnes
877 2935 1010 3002 Graeci
1034 2935 1096 3023 qui
1123 2947 1280 3004 exeunte

157 3056 287 3132 quarto
305 3047 452 3115 saeculo
471 3048 652 3116 vixerunt.

199 3161 282 3228 Alia
303 3171 388 3229 sunt
403 3184 509 3249 quae,
525 3164 611 3231 licet
624 3167 668 3232 ab
683 3165 843 3251 antiquis
857 3166 1096 3253 scriptoribus
1110 3167 1276 3250 admissa,

154 3277 268 3344 multo
297 3278 413 3366 magis
443 3279 539 3345 tertii
567 3281 767 3348 secundive
787 3281 927 3349 saeculi
945 3281 1186 3368 scriptoribus
1208 3284 1270 3371 pla

154 3414 274 3460 cuere.
294 3394 348 3458 Ex
359 3392 411 3460 eis
424 3394 611 3462 vocabulis
622 3417 803 3483 apponam
816 3403 935 3481 κοπιάω,
952 3398 1030 3482 Xll,
1044 3399 1106 3484 463
1126 3407 1281 3490 λαμυρὲς,·

154 3508 197 3588 V,
222 3507 297 3589 162,
316 3517 351 3574 et
369 3517 488 3596 σφίῃω,
509 3510 586 3591 ΧΙΙ,
611 3509 686 3577 135.

196 3620 246 3687 At
276 3624 466 3706 nonnulla,
502 3636 543 3689 ut
579 3625 762 3712 conjicere
800 3647 1004 3715 possumus,
1046 3629 1125 3718 ipse
1156 3629 1279 3699 intulit

155 3734 406 3824 Asclepiades.
431 3740 471 3805 In
492 3745 634 3828 μάραγδον
660 3743 754 3827 (XII,
786 3743 865 3830 163)
892 3745 1050 3812 litteram
1077 3745 1210 3830 omisit,
1240 3759 1279 3815 ut

199 4011 219 4047 1.
239 3999 410 4059 Asclepiades
423 4001 526 4061 quidem
538 3997 667 4064 ἆκέντητος
680 4018 694 4050 e
706 4004 814 4052 Pindari
825 4006 984 4055 carminibus
996 4007 1139 4068 desumpsit
1149 4009 1275 4074 (olymp,

154 4074 173 4129 l,
187 4077 237 4136 21),
250 4075 296 4122 sed
307 4078 415 4123 verbum
428 4076 494 4123 inest
505 4077 532 4124 in
544 4079 675 4137 poematio
688 4080 756 4139 quod
768 4081 877 4128 multum
895 4081 983 4130 differt
999 4098 1014 4129 a
1030 4083 1131 4131 ceteris.
1145 4083 1277 4132 Insuetum

154 4148 258 4196 dicendi
275 4163 358 4210 genus
375 4151 503 4209 quaesivit
519 4152 637 4212 scriptor,
655 4159 684 4200 ut
700 4161 817 4216 carperet
832 4158 991 4205 meretricem
1008 4159 1050 4216 (V,
1064 4157 1134 4216 203).

196 4237 220 4271 2.
240 4224 278 4271 De
291 4224 384 4284 quibus
395 4225 486 4272 videas
498 4225 574 4283 infra,
588 4243 613 4288 p.
627 4241 672 4293 47.
