2864 4868
153 397 199 466 90
346 390 607 453 isemerinus,
635 388 865 450 rosrorasus,
893 387 1078 436 ussurus.

199 538 346 604 Τοιοῦτον.
372 532 493 599 Prima
514 530 736 618 diphtongus
756 548 854 594 nunc
876 526 997 594 brevis
1020 525 1114 612 (AC.
1139 528 1184 608 V,
1216 526 1267 611 16)

153 671 252 718 nunc
275 651 388 736 longa
410 648 566 714 habetur
585 643 678 731 (AC.
701 646 745 726 V,
771 646 837 731 17).

198 768 272 849 Τίω,
289 764 367 832 AC.
387 764 446 846 III,
466 763 524 852 67,
546 761 698 849 primam
716 759 886 847 producit
902 759 940 825 in
962 759 1045 842 arsi,
1070 760 1171 847 quod
1190 781 1271 827 con-

154 880 252 972 gruit
278 901 359 948 cum
387 902 453 947 usu
478 877 687 945 Homerico.
719 875 769 942 At
800 874 929 963 tragici
958 876 1178 944 vocabulum
1204 897 1269 963 pro

154 999 274 1065 iambo
296 1004 528 1084 acceperunt.

200 1113 313 1202 Ὕδωρ,
333 1112 411 1180 AC.
430 1112 474 1194 V,
498 1132 550 1198 17,
569 1117 624 1177 est
640 1106 790 1190 iambus,
811 1108 1019 1196 pariterque
1033 1106 1125 1192 (AC.
1143 1107 1192 1174 Ill
1196 1108 1274 1197 ,67)

155 1229 360 1297 invenimus
384 1233 489 1297 ὑδάτων
510 1226 547 1292 in
568 1225 641 1292 fine
663 1224 893 1312 pentametri.

201 1350 338 1436 Xpdreet,
364 1344 427 1427 Vl,
457 1363 536 1433 292,
560 1341 712 1429 primam
738 1340 913 1428 syllabam
940 1343 1087 1408 brevem
1112 1340 1271 1424 exhibet,

156 1484 248 1550 quae
269 1461 357 1529 alibi
379 1461 491 1549 longa
511 1467 578 1526 est.

199 1577 422 1665 Posidippus
449 1575 485 1642 vi
511 1595 682 1642 caesurae
711 1572 991 1661 semiquinariae
1017 1573 1088 1641 duo
1114 1574 1272 1660 syllabas

155 1693 358 1782 producere
380 1713 488 1759 ausus
510 1688 621 1758 estin
643 1690 903 1779 epigrammate
925 1689 1019 1772 XVI,
1047 1711 1130 1780 119:
1166 1702 1168 1707 ·

372 1865 508 1941 illatore,
524 1864 638 1925 πλάσται
652 1859 822 1926 drausius...

415 1963 483 2022 Δάϊε
497 1961 622 2041 τεχνίτα,
638 1965 691 2043 πῦρ
706 1981 748 2023 τοι
763 1960 777 2021 ὁ
791 1959 903 2042 χαλκὶς
916 1960 979 2044 ὁρῇ,

156 2170 274 2236 neque
291 2148 349 2216 hic
366 2147 560 2215 dicendum
578 2157 633 2216 est
649 2147 827 2235 duplicari
844 2156 1092 2215 consonantes
1108 2148 1144 2215 in
1168 2149 1273 2216 initio

156 2266 416 2333 vocabulorum
441 2267 577 2333 Σικυώνιε
600 2273 636 2330 et
660 2279 726 2352 πῦρ,
752 2284 908 2349 namque
933 2264 970 2330 in
995 2265 1274 2352 penthemimeri

157 2385 231 2451 fere
247 2403 424 2470 nusquam
442 2379 648 2468 duplicibus
666 2380 955 2448 consonantibus
976 2380 1116 2448 vocalis
1140 2383 1273 2468 produ·

157 2501 262 2567 citur.

201 2618 337 2684 Breves
359 2614 541 2703 positione
564 2617 761 2702 productas
782 2635 863 2681 raro
885 2613 1008 2681 nostri'
1025 2614 1063 2681 in
1084 2615 1206 2682 thesin
1223 2616 1274 2702 (id

158 2742 214 2801 est
244 2732 485 2820 posteriorem
514 2733 669 2817 partem)
696 2732 963 2818 spondaeorum
994 2730 1209 2813 intulerunt,
1239 2744 1274 2800 et

159 2849 305 2934 quando
329 2849 399 2913 hoc
423 2846 493 2913 sibi
516 2847 768 2935 indulgebant,
795 2845 1060 2932 monosyllabis
1083 2849 1274 2915 vocabulis

159 2966 355 3031 utebantur
368 2962 430 3048 qui
447 2959 645 3030 arctissime
662 2984 744 3030 cum
762 2961 995 3048 sequentibus
1013 2964 1272 3050 cohaerebant3

158 3083 228 3147 hoc
245 3080 368 3146 videre
385 3079 470 3146 licet
487 3100 531 3145 ex
548 3078 788 3165 Asclepiadae
806 3078 995 3167 exemplo:
1015 3079 1090 3146 ΑΡ.
1108 3082 1152 3161 V,
1173 3080 1242 3167 64:

423 3237 478 3301 Ἤν
492 3244 547 3324 γάρ
564 3263 599 3319 με
612 3241 760 3324 κτείνῃς...

160 3428 473 3516 Praepositionem
490 3449 766 3516 pronomenque
782 3450 951 3517 separare
964 3429 1169 3517 nequimus,
1186 3431 1275 3518 quid

160 3543 289 3610 mirum
306 3543 336 3610 si
351 3549 406 3632 γάρ
423 3545 569 3632 longam
587 3543 719 3611 efficit?
735 3545 915 3632 Displicet
934 3545 1077 3633 quidem
1096 3545 1134 3612 in
1150 3547 1276 3615 Ascle·

161 3659 288 3746 piadae
306 3659 536 3742 carminibus,
555 3660 630 3727 ΑΡ.
650 3661 693 3743 V,
717 3660 792 3751 167.

451 3818 551 3898 Οἴνος·
572 3821 620 3884 καὶ
640 3825 783 3906 Βορέης.·..

160 4009 324 4092 Namque
342 4017 425 4093 post
440 4008 595 4096 primum
616 4011 768 4077 verbum
792 4009 1041 4100 distinguendi
1064 4020 1153 4078 nota
1172 4013 1275 4099 poni·

161 4131 235 4205 tur;
259 4122 322 4188 sed
345 4125 414 4190 hoc
439 4123 508 4191 sibi
529 4144 675 4210 quoque
696 4125 849 4193 indulsit
869 4126 1066 4217 Meleager.

205 4237 484 4324 Correptionem
513 4248 554 4305 ut
581 4240 706 4306 dicunt
736 4241 893 4324 atticam,
923 4241 1088 4310 vitabant
1120 4245 1275 4313 Alexan-
