2864 4868
207 333 246 401 τύ
392 353 650 417 nscrnrrnnrs,
677 352 908 418 rosrnrrnus,
936 352 1122 402 uenurus

202 493 340 561 niensis
373 503 410 561 et
439 494 681 581 Asclepiadae
717 494 829 562 Samii
864 495 1034 580 prodant,
1073 516 1239 585 quaeque
1279 494 1317 561 in

201 610 373 698 Aegypto
399 611 627 678 conformata
647 610 782 677 fuerint
803 610 848 678 ad
869 613 1091 699 exemplaria
1111 610 1314 698 Posidippi.

158 724 161 729 ’
244 726 326 794 Una
353 748 397 793 ex
426 735 529 814 parte
555 736 693 794 certum
723 735 778 793 est
805 726 987 814 Hedylum
1014 726 1139 794 matris
1161 726 1318 815 vestigia

201 841 404 931 ingressum
428 842 551 911 fuisse.
576 843 678 910 Haec
701 842 797 910 enirn
818 842 863 909 de
884 843 1009 931 Scylla
1029 843 1192 931 epyllion
1214 864 1319 910 excu-

200 959 314 1025 derat.
351 958 391 1024 ln
423 957 584 1046 quinque
615 957 782 1027 versibus
814 980 907 1045 quos
937 959 1149 1027 Athenaeus
1173 981 1218 1027 ex
1245 961 1317 1027 hoc

202 1094 313 1160 opere
342 1074 580 1162 deprompsit,
602 1075 763 1143 Glaucus
788 1074 984 1159 inducitur,
1004 1076 1144 1144 crudeli
1172 1075 1315 1162 puellae

203 1190 409 1257 «concham
437 1211 504 1276 pro
530 1211 679 1257 munere
705 1191 825 1258 ferens
847 1213 893 1258 ex
917 1192 1119 1279 Erythraeo
1147 1191 1312 1281 scopulo,

200 1315 262 1373 aut
284 1307 477 1394 alcyonum
501 1309 621 1401 pullos
644 1309 761 1376 adhuc
788 1307 992 1395 implumes.
1017 1308 1201 1376 Lacrimas
1224 1306 1312 1395 ejus,

199 1421 299 1489 addit
313 1422 464 1511 poetria,
480 1423 721 1491 miserabatur
733 1423 840 1490 etiam
851 1422 972 1491 vicina
982 1422 1113 1491 Siren»
1132 1437 1156 1489 1.
1174 1422 1317 1491 Pariter

199 1537 365 1625 Hedylus
386 1537 424 1605 in
447 1538 584 1626 epyllio
607 1549 818 1607 cantaverat
841 1560 983 1607 amores
1010 1540 1161 1606 deorum
1192 1539 1254 1625 qui
1278 1540 1315 1606 in

198 1652 289 1720 mari
303 1653 482 1736 habitant,
501 1663 610 1742 atque
625 1676 757 1723 rursus
779 1656 824 1722 de
841 1656 983 1724 Glauco
1000 1677 1144 1723 versum
1164 1654 1313 1722 fecerat.

199 1769 308 1836 Hunc
331 1768 427 1837 enim
450 1774 632 1854 narrabat,
663 1771 846 1839 illecebris
870 1770 1082 1838 Melicertae
1107 1780 1254 1859 captum
1278 1770 1316 1837 in

198 1886 331 1953 fluctus
354 1908 392 1953 se
418 1885 616 1973 projecisse
639 1896 679 1954 ut
705 1887 878 1955 amasium
899 1887 1055 1955 adiret2.
1083 1887 1176 1955 Mire
1204 1887 1316 1976 igitur

198 2005 452 2091 congruebant
471 2002 633 2071 carmina
648 2003 772 2070 matris
789 2013 826 2070 et
841 2001 923 2086 filii3
943 2003 1042 2090 quod
1058 2003 1137 2089 ipse
1155 2003 1315 2071 declarat

197 2116 410 2186 Athenaeus
435 2119 519 2185 dum
541 2117 731 2206 utriusque
755 2140 889 2186 nomen
912 2119 1018 2186 simul
1041 2129 1312 2187 commemorat.

242 2232 540 2301 Consentaneum
560 2244 638 2302 erat
659 2234 843 2302 hominem
864 2256 923 2303 res
943 2235 1137 2302 amatorias
1159 2244 1314 2302 tractan-

198 2360 269 2418 tem
288 2350 530 2438 Asclepiadae
547 2351 807 2440 epigrammata
826 2350 960 2419 mirari.
980 2353 1102 2437 Quare
1118 2350 1231 2419 Samii
1246 2350 1314 2417 fuit

198 2466 397 2554 discipulus
419 2467 585 2555 Hedylus
612 2469 848 2554 sedulamque
880 2467 1041 2536 ostendit
1068 2466 1106 2534 in
1137 2466 1313 2534 imitando

197 2582 458 2666 curiositatem,
498 2592 539 2650 ut
574 2583 710 2672 optime
748 2605 866 2671 nuper
902 2583 1118 2650 monstravit
1151 2583 1315 2650 Reitzen-

196 2698 360 2766 steinius.
374 2701 456 2766 Duo
470 2699 566 2767 enim
581 2709 666 2767 sunt
678 2710 848 2787 poemata
864 2700 902 2766 in
914 2696 1079 2767 eumdem
1092 2699 1312 2788 Nicagoram

195 2836 216 2880 a
233 2817 375 2883 duobus
393 2815 632 2903 scriptoribus
648 2817 863 2904 composita.
884 2817 1047 2902 Quorum
1069 2816 1107 2882 in
1125 2817 1241 2883 altero
1258 2815 1314 2882 vir

196 2932 399 2999 ostenditur
421 2932 506 3001 vino
530 2955 738 3021 oppressuS,
762 2934 800 3000 in
822 2935 937 3001 altero
959 2943 1088 3001 contra
1109 2932 1195 3000 vino
1220 2932 1313 3019 sopi-

196 3057 267 3115 tam
286 3048 515 3138 Aglaonicen
531 3050 710 3139 virginem
730 3050 835 3118 vitiat
848 3047 873 3117 3.
899 3052 1028 3137 Neque
1047 3071 1136 3117 vero
1157 3072 1178 3116 a
1199 3048 1312 3116 Samii

195 3164 459 3231 consuetudine
486 3166 695 3248 abhorrent,
723 3187 812 3252 quas
841 3164 917 3251 ejus
948 3166 1113 3232 aemulus
1137 3163 1309 3247 confecit,

194 3279 422 3347 meretricum
446 3280 706 3349 dedicationes.
728 3281 803 3349 Sed
822 3282 912 3348 haec
935 3279 1207 3369 epigrammatis
1226 3301 1311 3348 con·

238 3535 259 3568 r.
278 3521 320 3570 Cf.
332 3521 502 3578 Athenaeum,
515 3522 572 3578 Vll,
586 3537 645 3588 297,
659 3522 680 3572 B
691 3522 712 3572 C
723 3537 728 3570 :
741 3521 831 3589 ἱστορεῖ
842 3524 883 3576 τὸν
895 3527 1036 3576 Γλαῦκον...
1050 3516 1124 3574 ἐλθεῖν
1141 3517 1172 3580 εἷς
1184 3524 1211 3575 τὸ
1224 3522 1309 3592 ἄντρον

193 3595 229 3660 «ἢ
242 3595 335 3662 κύγχου
347 3593 500 3663 δωρήματα»
513 3599 616 3665 φέροντα

639 3697 834 3765 .....Ἐρνθραίης
847 3693 896 3751 ἀπὸ
908 3698 1004 3765 πέτρης,

427 3760 461 3820 Ἢ
473 3760 528 3825 τούς
539 3764 662 3820 ἀλκυόνων
674 3773 762 3826 παῖδας
774 3772 811 3821 ἔτ’
824 3766 972 3836 ἀπτερύγους

406 3844 441 3915 Τῇ
452 3839 532 3915 νύμφῃ
543 3840 674 3897 δύσπιστος
685 3837 820 3907 ἀθύρματα.
832 3843 916 3908 Δάκρυ
929 3844 948 3892 δ’
962 3836 1064 3892 ἐκείνου.

438 3913 486 3963 Καὶ
497 3907 581 3976 Σειρὴν
591 3912 675 3975 γείτων
686 3913 804 3978 παρθένος
816 3909 950 3965 οἰκτίσατο·

407 3978 496 4045 Ἀκτὴν
506 3983 553 4049 γὰρ
567 3983 645 4044 κείνην
656 3978 786 4049 ἆνενήχετο
797 3985 839 4037 καὶ
850 3985 880 4037 τὰ
893 3985 1007 4050 σύνεγγυς

435 4054 526 4116 Αἴτνης.

231 4166 255 4203 u.
273 4155 328 4202 ΑΡ.
341 4154 397 4212 XII,
414 4155 461 4206 135
475 4156 679 4217 (Asclepiadae).

232 4228 256 4279 3.
276 4231 330 4278 ΑΡ.
343 4232 375 4287 v,
393 4245 440 4297 199
453 4232 581 4293 (necyn).
