2864 4868
160 387 224 453 106
347 401 609 465 xscuenrxoss,
637 399 866 463 eosmrnr’us,
894 397 1081 448 nuoxuus

156 545 317 614 tionibus
338 543 490 613 obnoxii
514 553 609 626 sunt,
634 541 671 609 id
696 551 751 610 est
772 549 930 629 quatuor
949 539 1090 628 priores
1110 539 1149 607 in
1171 541 1273 607 hexa-

155 661 280 730 metris
304 659 449 747 duoque
473 659 613 746 priores
634 658 672 725 in
694 657 942 746 pentametris,
964 658 1058 724 hanc
1082 656 1274 745 longarum

155 777 395 864 breviumque
418 775 595 844 rationem
618 773 873 843 nanciscimur.

156 940 384 1019 Asclepiades.
402 938 436 999 in
450 938 639 1000 hexametro
656 935 717 998 208
734 936 882 1015 dactylos
896 935 1007 1012 habet,
1021 934 1063 1014 84
1078 933 1274 1014 spondaeos.

216 1071 252 1084 -
314 1036 714 1117 ....inpentametro71
781 1068 819 1079 -
930 1067 969 1077 -
1023 1033 1062 1115 75
1147 1066 1186 1076 —

157 1136 382 1216 Posidippus..
403 1136 437 1197 in
451 1135 639 1194 hexametro
661 1130 719 1213 189
783 1168 821 1177 -
932 1166 970 1177 -
1025 1133 1064 1211 59
1147 1164 1186 1174 -

216 1270 254 1281 -
315 1232 655 1312 ....inpentametro
678 1231 719 1292 66
782 1266 820 1276 —
931 1265 969 1275 -
1024 1227 1062 1290 58
1147 1262 1186 1272 -

159 1333 386 1412 Hedylus...
406 1332 440 1392 in
455 1331 641 1391 hexametro
677 1346 717 1410 7²
781 1363 818 1373 —
930 1362 969 1372 -
1019 1324 1062 1405 48
1146 1360 1185 1370 -

217 1465 255 1477 -
316 1428 656 1508 ....inpentametro
677 1426 717 1487 26
779 1460 819 1472 -
932 1459 969 1470 -
1024 1424 1065 1503 34
1147 1458 1186 1468 -

203 1641 306 1726 Quae
328 1649 368 1707 ut
388 1637 516 1707 melius
541 1645 739 1726 appareant
761 1635 882 1704 dicere
903 1634 1055 1703 licebit:

202 1806 416 1887 Asclepiades
438 1806 473 1868 in
498 1814 636 1886 quatuor
660 1805 823 1885 prioribus
847 1803 1027 1867 hexametri
1052 1803 1198 1884 pedibus
1218 1822 1275 1884 pro

158 1906 332 1987 spondaeis
351 1923 421 1980 roo,
441 1905 577 1965 haberet
596 1903 742 1982 dactylos
764 1921 839 1985 247.

205 2002 419 2082 Asclepiades
440 2002 474 2063 in
496 2002 623 2063 duobus
648 2002 809 2082 prioribus
834 2001 1029 2081 pentametri
1054 2000 1194 2081 pedibus
1218 2021 1276 2081 pro

160 2102 334 2182 spondaeis
357 2120 426 2178 roo,
446 2101 581 2162 haberet
600 2100 747 2179 dactylos
766 2086 835 2181 94.’

204 2199 399 2280 Posidippus
426 2199 461 2259 in
491 2207 629 2279 quatuor
655 2199 817 2278 prioribus
844 2199 1024 2260 hexametri
1052 2198 1191 2278 pedibus
1219 2219 1276 2279 pro

158 2298 332 2378 spondaeis
352 2318 423 2374 roo,
442 2298 579 2358 haberet
597 2297 745 2376 dactylos
769 2298 842 2359 320.

202 2395 398 2475 Posidippus
423 2394 457 2454 in
483 2395 610 2456 duobus
638 2394 800 2476 prioribus
828 2394 1023 2474 pentametri
1052 2396 1190 2477 pedibus
1218 2417 1276 2477 pro

158 2494 331 2573 spondaeis
349 2513 417 2569 roo,
438 2493 574 2555 haberet
594 2493 741 2572 dactylos
759 2492 829 2555 113.

203 2591 351 2670 Hedylus
384 2591 419 2650 in
453 2598 591 2669 quatuor
627 2591 791 2670 prioribus
825 2591 1005 2653 hexametri
1043 2592 1182 2672 pedibus
1218 2613 1276 2673 pro

159 2689 332 2769 spondaeis
356 2707 425 2764 roo,
448 2689 584 2750 haberet
604 2688 752 2767 dactylos
775 2690 844 2751 150.

204 2787 352 2866 Hedylus
385 2787 418 2846 in
453 2795 590 2865 quatuor
624 2787 786 2866 prioribus
818 2789 1014 2867 pentametri
1046 2790 1186 2870 pedibus
1218 2809 1277 2871 pro

159 2885 332 2966 spondaeis
351 2903 420 2960 roo,
440 2884 575 2946 haberet
594 2884 741 2964 dactylos
762 2885 815 2968 76.

203 3096 330 3181 Neque
352 3097 502 3162 haerere
528 3096 701 3163 debemus
724 3095 763 3162 in
788 3117 831 3163 eo
852 3097 951 3183 quod
970 3097 1136 3186 Hedylus
1152 3099 1280 3187 junior

160 3210 359 3300 Posidippo
383 3220 419 3279 et
437 3211 679 3279 Alexandriae
703 3212 831 3280 vivens
853 3213 986 3282 multos
1008 3217 1217 3302 spondaeos
1241 3218 1278 3285 in

161 3327 325 3396 versibus
348 3326 524 3394 intulerit.
548 3328 754 3395 Vehemens
779 3329 875 3396 enim
898 3331 1009 3398 homo
1032 3339 1109 3399 erat
1126 3354 1279 3426 pronus·

162 3464 232 3530 que
256 3442 301 3509 ad
327 3442 563 3526 iracundiam,
591 3465 701 3530 quare
725 3447 871 3531 quando
897 3446 934 3512 in
957 3469 1089 3533 pravos
1112 3448 1280 3517 homines

146 3559 358 3627 .feminasve
386 3558 636 3643 invehebatur,
663 3582 738 3627 non
761 3560 795 3628 ei
822 3561 1039 3649 displicebat
1064 3563 1146 3632 illos
1168 3574 1208 3633 ut
1230 3565 1280 3635 ita

161 3675 280 3742 dicam
301 3676 493 3763 longarum
514 3676 734 3763 syllabarum
757 3679 853 3745 mole
875 3680 1042 3747 obruere.

206 3791 377 3858 Ceterum
393 3791 510 3857 nostri
526 3812 601 3857 non
618 3793 668 3859 ita
688 3793 846 3861 libenter
867 3797 1092 3882 spondaeum
1113 3795 1151 3863 in
1173 3798 1281 3868 tertia

162 3908 249 3974 sede
272 3906 471 3973 hexametri
494 3919 651 3993 ponunt.
675 3929 760 3977 snss
782 3920 891 3996 atque
912 3930 991 3980 ssss
1012 3912 1148 3998 pariter
1169 3923 1279 4001 atque

163 4011 407 4090 Callimachus
441 4023 581 4109 respuit
613 4024 867 4113 Asclepiades;
901 4026 957 4094 bis
990 4027 1154 4096 adhibuit
1178 4049 1277 4117 sssu,

164 4138 226 4204 sed
244 4158 287 4203 ex
304 4135 360 4203 his
377 4135 520 4204 duobus
541 4139 705 4206 versibus
726 4142 818 4208 alter
839 4144 987 4210 mutilus
1013 4154 1078 4228 est,
1101 4145 1140 4212 in
1162 4147 1278 4216 altero

163 4253 272 4341 culpa
298 4253 445 4320 nomine
473 4254 622 4342 proprio
649 4268 852 4329 excusatur.
881 4280 966 4333 osss
992 4261 1140 4336 omnino
1164 4273 1276 4338 caret.
