2864 4868
161 360 206 446 48
352 378 616 441 ascensurum,
644 375 873 439 eosmu’pus
901 375 1087 425 nonnus.

162 542 181 587 e
214 542 286 607 quo
317 520 549 607 participium
581 519 743 587 defluxit.
776 520 962 586 Habemus
990 517 1124 606 igitur:
1154 523 1280 600 πιτκμὲς

160 643 299 703 aelatus.
329 636 437 721 Quod
465 655 614 722 prorsus
639 634 874 701 Homericum
902 642 967 715 est,
994 642 1034 700 ut
1061 632 1149 699 licet
1172 653 1281 720 agno·

160 769 262 817 scere
284 771 427 818 versum
448 750 571 817 Iliadis
592 749 866 817 conferentibus
885 749 1028 836 (XVIII,
1054 748 1157 838 576):

370 916 432 998 llirp
447 915 572 994 πεταμὲν
585 916 780 977 κελάδοντα...

205 1100 380 1169 Similiter
400 1106 428 1168 ἐν
448 1109 665 1189 περιφαινομένῳ
687 1108 787 1183 κύματι
803 1099 895 1185 (AC.
918 1099 977 1182 III,
996 1098 1066 1185 81),
1089 1099 1127 1166 in
1149 1070 1280 1167 meino·

161 1216 249 1284 riam
271 1225 419 1283 revocat
440 1215 628 1301 Odysseae
648 1216 769 1282 locum
790 1216 848 1300 (V,
871 1213 977 1304 476):

376 1378 421 1443 Ἐν
436 1384 694 1464 περιφαινομένῳ...

205 1566 343 1656 Longis
360 1565 531 1653 epithetis
554 1574 664 1652 poeta
686 1566 949 1632 delectabatur.
969 1564 1156 1650 Quaedam
1175 1585 1196 1630 a
1214 1572 1279 1631 tra·

160 1683 252 1772 gicis
275 1682 451 1770 surripuit
471 1691 511 1748 ut
532 1683 677 1765 ἁνεμώδης
697 1680 790 1766 (AC.
816 1681 876 1762 111,
901 1680 977 1766 81);
995 1681 1095 1768 quod
1115 1680 1281 1749 invenies

160 1797 258 1884 apud
275 1797 533 1884 Sophoclem1.
551 1796 626 1865 Sed
646 1795 781 1882 majore
804 1817 890 1863 cura
909 1796 1106 1863 Pindarum
1129 1796 1277 1879 evolvit,

160 1922 200 1979 ut
221 1911 419 1979 ostendunt
440 1919 566 1992 ἄπλκτες
585 1910 676 1998 (AC.
701 1911 760 1992 Ill,
780 1909 843 1994 803
866 1911 987 1999 Pytlz„
1007 1913 1033 1995 l,
1058 1933 1142 1980 21...
1169 1932 1280 1978 sensu

163 2027 361 2113 dissimili);
387 2036 556 2116 ἱππόκρσιις
579 2028 675 2114 (Xll,
704 2027 782 2110 131;
809 2027 932 2114 Pyra,
954 2027 996 2109 V,
1018 2029 1094 2116 92);
1120 2033 1281 2116 φιλάγλαις
1368 2095 1369 2098 ,

160 2144 254 2226 (XII,
269 2165 325 2230 77;
336 2142 443 2230 Pylh.
451 2195 460 2225 ,
478 2143 556 2224 XII,
573 2144 614 2226 1).
631 2142 780 2229 Sappho
794 2142 851 2227 (fr.
863 2144 926 2228 40)
938 2141 1075 2232 legavit
1087 2151 1281 2232 γλυκύπικρος

159 2260 216 2342 (V,
245 2257 335 2342 134),
356 2258 455 2344 quod
484 2267 613 2343 postea
641 2256 882 2344 scriptoribus
909 2256 1157 2346 Anthologiae
1186 2259 1279 2325 adeo

160 2372 307 2458 placuit.
325 2372 485 2439 Comicis
502 2374 597 2440 haud
613 2373 764 2438 multum
779 2374 889 2440 debet
902 2373 1133 2459 Posidippus.
1150 2373 1281 2440 Maluit

160 2487 464 2554 consuetudinem
477 2488 664 2555 hominum
679 2487 795 2574 sequi,
808 2487 870 2574 qui
883 2488 939 2554 his
952 2487 1040 2575 ipsis
1052 2487 1280 2576 temporibus

159 2602 340 2669 vivebant.
367 2602 609 2689 Asclepiadae
639 2612 872 2691 comparatus
901 2604 1006 2690 plura
1030 2603 1280 2671 Alexandrina

158 2718 337 2784 vocabula
352 2717 523 2800 ostendit,
541 2717 677 2805 quippe
696 2717 758 2805 qui
769 2717 894 2804 junior
908 2716 1015 2785 fuerit
1034 2728 1143 2805 atque
1162 2719 1278 2806 ipsam

157 2830 352 2898 incoluerit
375 2830 645 2899 Alexandriam.
671 2831 856 2899 Interdum
881 2832 1052 2919 congruit
1075 2854 1156 2899 cum
1179 2855 1279 2919 prae-

159 2946 266 3012 claris
287 2946 526 3034 scriptoribus
549 2948 611 3034 qui
628 2957 716 3014 tunc
733 2947 832 3034 apud
856 2947 1086 3015 Ptolemaeos
1107 2950 1277 3016 obversa·

158 3062 302 3128 bantur.
331 3064 488 3151 Φαληριάω
515 3063 606 3148 (AC.
636 3064 696 3147 ΙΙΙ,
723 3065 782 3153 79)
807 3071 1021 3151 usurpatum
1047 3071 1101 3130 est
1127 3063 1278 3132 etiama

158 3175 400 3265 Lycophrone
421 3176 514 3263 (188,
538 3182 634 3267 492).

201 3290 341 3357 Pariter
358 3301 481 3359 notam
498 3291 672 3378 temporis
689 3291 887 3359 exhibent:

200 3404 316 3496 Ἄθριξ,
345 3406 422 3473 AC.
449 3409 492 3490 V,
523 3409 574 3474 15.
605 3409 660 3473 De
683 3409 754 3474 hoc
778 3410 891 3477 verbo
916 3409 967 3475 nil
992 3416 1131 3474 certum
1153 3408 1276 3477 dicere

156 3540 364 3607 possumus;
388 3542 498 3609 quum
516 3521 612 3588 enim
627 3522 803 3608 implicati
820 3523 893 3590 sint
911 3524 1042 3591 ductus
1057 3524 1273 3609 litterarum,

156 3634 367 3721 ignoramus
383 3636 470 3723 quid
487 3638 647 3705 scribere
666 3639 822 3706 voluerit
837 3649 958 3726 poeta.
979 3637 1085 3728 Ἃθριξ
1103 3647 1222 3707 exstat
1238 3640 1275 3706 in

157 3750 335 3816 Matronis
355 3750 560 3839 fragmento
583 3754 681 3839 quod
707 3754 864 3821 servavit
883 3754 1096 3822 Athenaeus
1109 3769 1136 3821 ².

207 3863 393 3954 Ἀκρὸνυχις,
412 3866 450 3949 S,
470 3886 505 3952 4.
527 3867 666 3935 Pariter
686 3871 730 3936 ab
748 3868 947 3936 Aristotele
972 3870 1010 3936 in
1032 3870 1274 3938 Problematis

155 3978 423 4066 frequentatum
448 3980 529 4048 fuit.

201 4175 223 4209 ι.
242 4161 283 4210 cf.
296 4161 411 4217 Ellendt,
424 4164 540 4210 Lexicon
551 4163 736 4224 Sophocleum.

196 4249 219 4285 a.
240 4236 278 4284 De
290 4237 339 4284 hoc
351 4239 479 4286 vocabulo
492 4241 709 4300 sequentibusque
720 4241 811 4289 videas
823 4240 948 4303 Stephani
960 4242 1130 4292 Thesaurum.
