2864 4868
157 376 220 443 114
343 374 606 439 ASCLEPIADES,
633 374 863 439 POSIDIPPUS,
889 373 1076 423 nunnus.

197 517 361 604 Quisque
383 516 599 585 incisionem
622 524 706 605 post
729 514 891 604 quintam
911 515 1008 582 arsin
1031 513 1173 597 vitavit,
1200 536 1271 601 qua

154 632 317 701 adhibita
332 631 472 699 numeri
492 631 549 700 bis
568 631 678 698 finem
698 632 819 699 facere
836 630 1058 699 viderentur.
1153 668 1155 673 ·

199 748 317 839 Magis
333 757 523 836 acceptum
540 757 595 816 est
614 769 697 816 cum
718 746 840 835 priore
857 768 964 816 versu
980 746 1171 835 periodum
1195 767 1270 814 non

153 862 337 933 concludi.
356 864 437 932 Hoc
454 873 565 952 poeta
581 862 717 951 duplici
739 862 882 932 ratione
901 863 1016 932 vitare
1037 872 1172 951 potest.
1196 862 1271 931 Pri·

155 1001 252 1049 mum
279 980 308 1048 si
334 981 492 1048 collocat
516 980 554 1049 in
579 979 652 1047 fine
681 979 880 1048 hexametri
904 982 1017 1048 verba
1038 1000 1133 1066 quae
1155 978 1271 1067 magis

155 1118 237 1166 cum
259 1096 495 1186 sequentibus
524 1097 756 1165 cohaereant.
787 1097 931 1165 Deinde
952 1096 982 1164 si
1002 1095 1039 1163 in
1060 1095 1166 1163 initio
1189 1116 1272 1183 pen·

155 1213 297 1282 tametri
328 1214 504 1302 quaedam
532 1213 637 1301 ponit
664 1235 757 1302 quae
785 1213 987 1282 arctissimo
1014 1210 1162 1281 vinculo
1192 1233 1271 1279 cum

156 1329 461 1416 praecedentibus
485 1337 691 1397 nectantur.
720 1330 841 1419 Saepe
866 1329 964 1417 apud
988 1336 1136 1395 nostros
1157 1326 1275 1416 prima

155 1445 359 1514 sententiae
375 1446 557 1517 vocabula
572 1444 690 1513 ultimi
711 1444 911 1523 hexametri
932 1445 1045 1532 pedes
1067 1443 1271 1526 continent,

158 1564 256 1650 quod
278 1561 351 1650 jam
380 1562 591 1652 prospicere
615 1562 871 1651 potuissemus,
901 1582 1011 1648 quum
1033 1559 1193 1628 libenter
1213 1558 1275 1627 fiat

156 1688 242 1765 post
252 1688 419 1766 quartum
434 1680 617 1766 dactylum
632 1678 773 1747 incisio.
789 1678 868 1746 Hac
880 1685 957 1745 arte
971 1685 1103 1764 poetae
1114 1675 1274 1743 numeris

156 1794 370 1863 varietatem
393 1797 571 1864 addentes
594 1795 743 1863 alteram
763 1816 838 1863 non
861 1793 965 1862 multi
979 1793 1158 1874 fecerunt,
1177 1790 1275 1880 quod

157 1909 414 1993 desideramus,
442 1932 598 1999 namque
629 1914 742 1980 verba
771 1911 808 1978 in
839 1909 1022 1999 principio
1054 1907 1276 1996 pentametri

158 2025 277 2112 posita
300 2028 451 2095 multum
475 2027 618 2096 decoris
641 2026 920 2116 splendorisque
944 2024 1141 2113 accipiunt.
1165 2024 1275 2110 Quod

158 2151 278 2215 tamen
300 2143 420 2211 nullus
443 2142 637 2232 ignoravit.
664 2146 749 2213 Non
776 2143 855 2212 sine
877 2142 999 2210 nervis
1019 2138 1272 2229 Asclepiades.

158 2259 201 2326 V·
224 2258 309 2347 ¹67·
701 2352 738 2414 Al
755 2352 786 2415 σὺ
800 2351 855 2434 γὰρ
869 2350 957 2425 οὕτως

360 2427 503 2506 Ἥλυες...

202 2599 324 2689 Atque
341 2603 575 2693 Posidippus,
597 2605 641 2688 V,
661 2603 750 2672 213:

317 2759 388 2822 Εἰπὲ
402 2760 432 2822 δὲ
447 2765 574 2837 σημεῖον,
593 2763 700 2838 μεθύων
716 2757 756 2823 ὅτι
771 2760 818 2823 καὶ
834 2761 879 2821 διὰ
893 2761 1017 2822 κλωπῶν

358 2853 503 2919 Ἦλθον...

205 3029 378 3097 Libenter
406 3029 455 3097 ita
482 3031 526 3098 de
553 3040 782 3119 pentametro
807 3030 962 3099 demitur
986 3033 1191 3113 trochaeus,
1222 3029 1280 3098 vel

159 3144 377 3232 spondaeus,
397 3147 454 3214 vel
472 3147 651 3234 dactylus,
671 3149 729 3216 vel
747 3158 824 3215 tota
840 3146 1160 3234 penthemimeres.
1180 3146 1280 3212 Inso-

159 3262 294 3329 lentem
309 3261 461 3331 formam
479 3262 643 3330 adhibuit
664 3263 916 3352 Asclepiades,
941 3262 1080 3346 dicens,
1108 3260 1187 3342 VII,
1218 3282 1278 3328 11:

709 3468 767 3484 .....
784 3421 819 3484 El
832 3419 856 3483 δ’
871 3415 959 3496 hidae
973 3419 998 3482 el

361 3501 408 3578 Μὴ
424 3501 512 3583 ταχὺς
526 3498 634 3578 ἦλθε...

204 3671 279 3740 Sed
303 3672 335 3739 ei
360 3671 498 3760 gratius
523 3683 577 3740 est
602 3682 687 3761 post
715 3673 899 3760 dactylum
921 3669 1139 3740 sententiam
1164 3670 1283 3738 absol-

160 3808 258 3855 vere.
275 3783 494 3877 Posidipp'us
511 3799 632 3856 autem
649 3800 734 3878 post
750 3789 904 3876 primum
921 3789 1143 3854 trochaeum.
1160 3787 1283 3853 Durus

162 3926 203 3971 ac
228 3907 423 3971 vehemens
450 3906 617 3992 Hedylus
639 3905 834 3992 aliquoties
857 3907 954 3972 hunc
978 3902 1016 3970 in
1040 3903 1185 3971 modum
1211 3912 1284 3969 tres

163 4019 293 4109 longas
312 4019 438 4108 possit.
458 4020 536 4089 AC.
556 4021 599 4104 ll,
624 4021 710 4108 134:

778 4167 791 4226 ὁ
806 4165 913 4244 γλυκὺς
928 4162 1000 4226 οἰκεῖ

364 4245 532 4323 Αὖλητῆς.,..
