2864 4868
228 401 275 467 44
421 394 684 458 nscrusrnoes,
712 393 942 456 commentis,
969 394 1156 445 urbicus,

228 571 246 624 η
272 539 476 607 admittitur
501 539 549 605 ob
575 557 709 603 nomen
734 534 969 602 Homericum
997 541 1155 605 electen.
1187 539 1263 606 Sed
1290 539 1350 606 illa

229 656 339 724 dubia
360 665 455 737 sunt,
479 656 569 721 haec
591 651 757 719 certiora.
781 650 1021 738 Asclepiades
1046 652 1162 739 primo
1186 670 1290 738 μοῦνος
1315 665 1349 722 et

229 780 326 854 σποδιή
344 769 504 853 adhibet,
520 767 652 835 deinde
669 767 821 834 clamat:
843 771 983 847 δάκτυλος
998 766 1058 847 ἁώς
1071 779 1097 832 ².
1116 767 1219 835 Haec
1238 771 1349 837 verba

228 910 273 955 ex
296 887 434 954 Alcaeo
463 886 573 952 ducta
601 890 697 964 sunt,
723 881 809 948 inde
833 902 920 947 usus
943 881 1081 949 formae
1104 903 1196 969 quae
1223 883 1350 951 dorica

229 1011 296 1083 est,
323 1002 387 1068 sed
413 998 564 1087 propius
591 998 636 1065 ad
661 995 838 1065 aeolicam
864 993 1047 1063 accedit3.
1074 997 1161 1063 Post
1187 997 1247 1078 ἁώς
1274 1019 1349 1065 cer-

229 1116 347 1182 nimus
370 1119 513 1199 κοιμιοτοίν
535 1113 635 1199 quod
658 1112 882 1199 praecedens
903 1112 1121 1178 vocabulum
1141 1121 1293 1179 tutatur.

273 1230 437 1317 Hedylus
463 1230 501 1296 in
526 1228 691 1295 versibus
717 1226 779 1313 qui
805 1226 964 1294 ionicam
992 1226 1152 1316 linguam
1181 1227 1348 1296 redolent

228 1346 318 1416 dixit
340 1355 461 1413 tamen
482 1343 657 1412 dorice4:

757 1460 800 1522 τοί
814 1481 847 1521 τε
860 1460 994 1533 Λάκωνες

467 1541 612 1604 flenter...

229 1732 275 1797 ob
295 1729 332 1796 id
354 1728 472 1815 ipsum
493 1726 592 1813 quod
612 1726 725 1794 vestis
746 1737 801 1794 est
821 1726 1000 1794 laconica.

273 1844 347 1912 Sed
369 1845 459 1910 haec
480 1841 603 1909 omnia
624 1841 711 1908 mihi
733 1863 808 1909 non
828 1842 950 1930 magni
970 1843 1145 1910 momenti
1161 1842 1345 1912 videntur.

229 1957 416 2024 Pudenter
436 1958 531 2023 hanc
552 1957 696 2024 veniam
718 1956 834 2024 nostri
853 1978 1040 2043 sumpsere
1064 1978 1221 2046 raroque
1242 1960 1349 2028 diale-

229 2081 370 2139 ctorum
389 2072 570 2138 vocabula
585 2072 809 2138 miscuerunt
816 2095 826 2155 3
845 2080 1015 2138 accurate
1031 2072 1155 2158 potius
1175 2095 1251 2141 rem
1269 2096 1349 2163 ege·

229 2197 313 2253 runt
332 2195 369 2252 et
389 2185 555 2252 nituntur
576 2195 616 2253 ut
636 2206 729 2272 quae
750 2184 788 2250 in
808 2186 975 2253 manibus
999 2187 1135 2254 habent
1154 2187 1347 2277 ingeniose

229 2302 437 2388 disponant.
463 2303 591 2388 Neque
616 2301 713 2387 apud
738 2322 801 2368 eos
824 2302 1034 2368 desiderare
1058 2302 1232 2371 debemus
1257 2306 1348 2372 haec

228 2415 422 2483 admodum
456 2415 689 2502 peculiariter
725 2415 953 2482 conformata
985 2438 1078 2503 quae
1113 2417 1193 2485 aliis
1223 2419 1350 2487 insunt

229 2529 419 2618 poematis,
449 2529 760 2617 Epigrammatum
790 2529 886 2596 enim
914 2531 1112 2618 scriptores
1139 2554 1215 2600 non
1245 2534 1346 2617 dene,

229 2664 347 2731 neque
367 2646 510 2724 heroas,
531 2665 650 2731 neque
673 2653 839 2730 pastores
861 2645 983 2712 socios
1003 2647 1150 2714 habent.
1169 2648 1347 2735 Juvenem

228 2768 456 2846 peremptum
478 2758 640 2839 laudant,
667 2759 893 2845 principibus
918 2759 1166 2846 blandiuntur,
1190 2765 1351 2850 praecla-

229 2895 287 2939 ras
303 2882 441 2940 statuas
461 2873 685 2940 describunt.
707 2873 912 2961 Unicuique
930 2885 1079 2943 narrant
1097 2876 1185 2963 quid
1203 2878 1345 2962 fecerit,

229 2986 359 3054 dixerit
385 2997 447 3054 aut
479 2986 622 3054 viderit.
651 2988 774 3073 Quare
802 2989 907 3057 decet
941 3011 1005 3058 eos
1034 3012 1110 3058 non
1141 2993 1295 3061 multum
1328 3016 1349 3062 a

228 3122 395 3169 sermone
416 3103 565 3191 vulgato
586 3101 793 3170 deflectere.

273 3306 511 3364 1.AP.x11‚131.

269 3396 293 3430 a.
311 3382 366 3429 ΑΡ.
380 3382 436 3439 x11‚
449 3381 493 3433 5ο.

270 3453 295 3505 3.
313 3458 389 3505 Aeoli
400 3461 561 3518 usurpabant
571 3458 643 3516 αὕως.

268 3545 295 3595 4.
313 3532 368 3580 ΑΡ.
381 3532 426 3588 vl,
438 3545 499 3599 29²·
