2864 4868
214 409 273 455 122
655 401 879 450 CONCLUSlO.

210 549 249 616 Si
272 548 414 614 minora
435 542 759 624 considerabimus,
783 541 943 609 elucebit
969 544 1066 630 apud
1091 542 1331 631 Posidippum

210 663 466 749 Hedylumque
494 661 599 746 plura
628 677 820 725 occurrere
848 655 1098 725 Alexandrina
1123 670 1161 728 et
1186 660 1333 728 novicia

208 779 389 846 vocabula
412 797 518 862 quam
541 775 638 860 apud
664 772 923 860 Asclepiaden,
944 795 1143 861 rursusque
1163 773 1199 842 in
1225 777 1333 843 rebus

209 893 368 961 metricis
379 890 584 959 videbimus
598 888 836 974 Posidippum
848 887 999 976 propius
1010 891 1187 959 accedere
1196 893 1243 957 ad
1256 891 1334 959 Cal·

210 1011 416 1089 limachum,
441 1017 477 1074 et
504 1005 648 1094 legibus
675 1007 929 1091 obtemperare
954 1027 1044 1092 quas
1066 1004 1142 1092 jam
1171 1007 1333 1075 Philetas

211 1126 354 1205 tulerat,
386 1143 549 1209 quasque
575 1141 714 1188 summa
740 1121 958 1187 auctoritate
986 1121 1193 1188 firmaverat
1221 1122 1332 1210 Cyre·

210 1241 334 1308 nensis
346 1249 467 1326 poeta.
482 1236 571 1322 Ejus
585 1235 761 1323 exemplis
774 1235 969 1304 instinctus
982 1236 1203 1326 Posidippus
1217 1238 1332 1306 rarius

211 1355 398 1422 elisionem
420 1352 567 1440 patitur,
590 1372 696 1438 quam
717 1372 861 1439 semper
880 1337 1008 1420 vitavit
1022 1353 1059 1420 in
1077 1355 1333 1423 communibus

210 1469 431 1552 nominibus,
468 1477 659 1555 praeterea
693 1466 922 1554 dactylorum
958 1467 1145 1535 celeritate
1182 1469 1330 1558 gaudet,

211 1595 258 1668 et,
290 1606 498 1672 quanquam
527 1582 824 1669 semiquinariam
852 1582 1054 1671 anteponit,
1088 1605 1240 1673 magnas
1273 1588 1333 1652 dat

210 1711 332 1791 partes
355 1722 526 1768 caesurae
550 1699 770 1768 trochaicae.

254 1820 335 1886 Hoc
351 1827 472 1886 autem
490 1838 565 1883 non
587 1817 671 1883 ideo
695 1827 834 1884 tantum
856 1817 943 1884 fecit
964 1820 1062 1903 quod
1086 1816 1331 1886 Alexandriae
1405 1849 1407 1853 ¹

208 1932 408 2014 habitabat,
421 1931 484 1998 sed
495 1931 604 1999 etiam
615 1932 712 2017 quod
718 1930 845 2016 junior
858 1939 936 1998 erat
946 1931 1178 2018 Asclepiade.
1189 1933 1332 2000 Scimus

209 2048 304 2114 enim
322 2049 518 2134 plerosque
536 2057 663 2132 poetas
681 2046 778 2112 tertii
794 2046 993 2114 secundive
1004 2047 1141 2113 saeculi
1155 2049 1214 2114 vel
1226 2047 1332 2116 citius

208 2165 265 2232 vel
285 2165 400 2231 serius
419 2162 752 2231 Alexandrinorum
777 2163 943 2250 exempla
970 2172 1117 2231 secutos
1137 2185 1230 2247 esse,
1253 2166 1332 2232 bre·

208 2282 305 2349 vium
323 2281 545 2369 syllabarum
562 2278 747 2368 levitatem
767 2279 989 2365 quaesivisse
1008 2289 1044 2346 et
1064 2280 1332 2348 trochaicarum

210 2419 441 2466 caesurarum
473 2395 675 2463 mollitiem.
709 2397 818 2481 Quod
853 2417 1003 2463 eernere
1032 2395 1119 2464 licet
1151 2419 1171 2464 e
1201 2397 1332 2464 studiis

210 2514 342 2600 quibus
370 2512 571 2602 germanici
608 2511 741 2579 eruditi
779 2520 893 2600 artem
928 2512 1054 2580 Nonni
1090 2514 1332 2600 Panopolitae

211 2638 472 2697 tractaverunt.

254 2746 456 2811 Enucleare
479 2743 591 2830 igitur
616 2743 834 2811 tentavimus
860 2744 987 2830 quanti
1008 2744 1117 2832 pretii
1135 2747 1232 2832 apud
1253 2767 1334 2813 nos·

210 2871 286 2927 tros
309 2859 443 2927 fuerint
467 2858 665 2925 litterariae
687 2860 898 2927 sodalitates
927 2869 962 2926 et
986 2859 1104 2947 ipsum
1121 2882 1237 2949 genus
1262 2861 1334 2949 epi·

210 2986 460 3064 grammatum,
478 2973 685 3060 pariterque
698 2973 824 3042 videre
836 2974 1017 3041 voluimus
1030 2975 1118 3061 quid
1134 2976 1333 3063 unicuique

211 3088 372 3157 attulerit
400 3087 590 3176 regionum
620 3097 899 3176 temporumque
924 3089 1133 3175 diversitas3
1159 3093 1223 3158 sed
1241 3113 1333 3158 nun·

212 3227 318 3292 quam
356 3203 646 3272 obliviscendum
684 3214 739 3272 est
774 3205 980 3291 hujusmodi
1011 3206 1333 3293 explanationibus

212 3322 362 3387 multum
389 3321 533 3404 deesse;
559 3320 705 3406 plurimi
726 3319 879 3386 interest
904 3320 997 3388 scire
1022 3321 1102 3408 quis
1123 3322 1202 3408 ipse
1224 3322 1334 3389 fuerit

212 3447 333 3525 poeta.
347 3436 429 3509 Hoc
442 3434 479 3501 in
494 3435 614 3502 lucem
632 3433 796 3522 proferre
810 3436 932 3503 conati
945 3459 1079 3505 sumus
1094 3437 1201 3505 Levis
1215 3449 1282 3522 est,
1297 3448 1333 3507 et

212 3552 407 3640 ingenuus
422 3561 459 3617 et
476 3572 595 3618 rerum
611 3571 788 3619 novarum
805 3549 986 3635 inventor,
1003 3564 1040 3620 et
1055 3552 1135 3640 ipsa
1149 3552 1332 3622 interdum

211 3665 438 3754 negligentia
473 3665 633 3753 lepidus
651 3667 901 3754 Asclepiades.
934 3670 1025 3734 Eum
1056 3668 1189 3736 imitari
1220 3691 1332 3757 quum

212 3802 357 3868 semper
384 3780 495 3848 vellet
516 3803 598 3848 raro
624 3781 743 3869 potuit
767 3782 999 3871 Posidippus.
1022 3786 1163 3872 Nempe
1191 3785 1224 3852 ei
1249 3789 1332 3875 plus

212 3897 401 3966 doctrinae
422 3905 499 3963 erat
521 3919 628 3983 quarn
650 3898 801 3984 ingenii,
825 3887 935 3985 quare
958 3921 1003 3966 ne
1024 3899 1196 3968 miremur
1216 3903 1247 3970 si
1269 3904 1331 3971 ali·

214 4013 375 4099 quandiu
391 4011 428 4077 in
445 4012 654 4081 Stoicorum
666 4015 792 4081 schola
805 4025 965 4082 moratus
979 4026 1044 4099 est,
1061 4025 1170 4103 atque
1186 4021 1332 4088 amandi

213 4128 425 4221 magistrum
459 4128 704 4215 Asclepiaden
738 4130 969 4215 quaesiverit,
1001 4130 1031 4198 si
1067 4132 1177 4199 fuerit
1213 4156 1333 4202 assen-

215 4254 309 4311 tator
325 4243 551 4331 optimatum,
568 4245 597 4312 si
614 4268 708 4313 vana
723 4249 985 4315 vocabulorum
1005 4270 1162 4335 pompae
1180 4249 1330 4319 nimium
