2864 4868
206 374 250 463 76
396 385 918 453 ascrrrmors,1³os1orr1³us,
946 387 1133 436 urorrus.

205 535 314 621 Quod
335 532 440 600 facile
461 532 555 599 serre
575 551 779 618 possumus
799 531 885 618 quia
907 529 1089 597 sententia
1111 538 1148 595 et
1164 550 1251 596 vera
1271 538 1325 596 est

93 736 106 754 α
205 660 241 718 et
258 649 486 738 politissima.
504 646 696 733 Temporis
715 657 837 715 notam
854 646 970 735 magis
990 647 1170 735 praebent
1185 660 1194 692 ¹
1212 669 1219 711 :

811 817 953 901 ἄνθρακας
968 816 1044 897 ὡνὴρ
1097 802 1102 814 ’
1191 826 1196 833 ’

458 915 569 998 Ξηρεὺς
583 915 616 977 ἐκ
630 921 747 997 νοτερῆς
760 915 859 990 raedig
874 914 1062 977 ἐπεσπάσατο.

205 1106 327 1173 Malim
344 1106 420 1172 fere
437 1107 507 1171 hoc
524 1103 727 1186 ridiculum,
744 1123 915 1191 spurcum
928 1102 1057 1184 fateor,
1074 1102 1228 1169 sednon
1246 1101 1324 1168 sine

205 1222 370 1291 acumine
384 1237 411 1288 2.
437 1221 531 1288 «Dic
552 1220 861 1309 unguentariae...

582 1379 711 1462 Βακχῶν
726 1380 767 1444 ’ὁτι
783 1381 858 1444 πέντ’
874 1381 1004 1462 ἐφίλησεν

480 1479 575 1559 Ἐξῆς,
591 1477 629 1542 ὧν
645 1482 729 1556 κλίνη
745 1483 851 1561 μάρτυς
866 1480 1048 1560 ἑπεγράφετν.
1065 1501 1078 1532 ν

205 1669 482 1738 Memorandum
510 1676 565 1735 est
587 1665 679 1754 juris
706 1664 820 1746 Attici
846 1664 985 1752 peritos
1014 1685 1123 1752 saepe
1156 1669 1326 1754 «μάρτυρκς

205 1790 390 1874 ἐπιγράφειν»
415 1804 604 1870 usurpare.
946 1853 949 1859 ¹
961 1856 964 1861 Ι

249 1899 435 1986 Quaedam
466 1898 705 1985 Asclepiades
736 1899 847 1964 habet
878 1895 994 1979 nimis,
1016 1895 1202 1981 arcessita,
1231 1896 1325 1964 adeo

203 2027 244 2084 ut
265 2013 322 2082 vel
348 2014 495 2082 sedulus
522 2014 641 2080 lector
666 2013 703 2080 in
731 2012 1008 2099 interpretando
1037 2014 1197 2079 haereat.
1224 2013 1329 2098 Quid·

206 2130 353 2219 proprie
393 2128 575 2217 significat
606 2135 763 2218 τραυλίζειν
800 2135 899 2216 φίλτρα
940 2125 1141 2215 Ἀντιγένσυςῖ
1175 2127 1222 2194 ‘H
1254 2134 1325 2197 πάλι

203 2250 345 2332 solutoris
366 2254 470 2334 λύχνον
490 2250 556 2314 ἰδεῖν
577 2255 695 2329 μένομεν
712 2243 808 2311 haud
829 2242 1032 2311 minoribus
1049 2243 1325 2328 difficultatibus

204 2362 428 2450 implicatum
438 2371 493 2427 est
507 2358 533 2427 3.
549 2360 650 2427 Haec
659 2361 771 2427 verba
784 2360 830 2453 de
841 2369 951 2427 nocte
964 2358 1099 2447 accipit
1112 2361 1323 2442 Dubnerus‚

204 2481 249 2544 de
268 2499 397 2545 aurora
412 2478 595 2565 Ungerus‚
615 2475 825 2563 conjectura
844 2496 920 2542 non
941 2474 1101 2542 abstinet
1120 2475 1322 2561 Heckerus

204 2593 486 2682 Ambigentibus
500 2592 608 2659 etiam
627 2613 725 2673 nunc
737 2589 824 2659 viris
841 2590 971 2676 doctiS,
985 2593 1030 2659 ad
1045 2591 1162 2678 ipsum
1178 2603 1324 2679 poetam

204 2709 347 2794 culpam
366 2708 500 2774 referre
518 2717 676 2794 oportet.

248 2822 493 2909 Asclepiaden
520 2821 701 2903 interdum
728 2823 764 2889 in
788 2822 915 2891 vitium
944 2821 1086 2906 induxit
1108 2823 1321 2892 adstrictum

203 2937 310 3005 nimis
330 2936 512 3004 scribendi
531 2959 660 3026 genus
684 2939 725 3005 In
745 2938 1004 3028 epigrammate
1025 2938 1208 3026 legimus4
1223 2962 1252 3023 ε,

361 3107 396 3169 Εἰ
409 3111 498 3191 πτερά
512 3131 553 3170 σοι
568 3113 741 3192 repostorem,
758 3108 805 3171 ml
821 3110 849 3171 ἐν
863 3109 926 3192 χερὶ
941 3107 1010 3185 τόξα
1023 3109 1071 3171 καὶ
1088 3109 1123 3171 ἰοί
1149 3189 1151 3194 Ι

267 3208 271 3212 ’
344 3208 348 3213 ’
401 3207 460 3268 Οὐκ
474 3211 505 3269 ἂν
520 3203 616 3289 Ἔρως
630 3208 739 3289 ἐγράφη
755 3209 904 3291 Κύπριδος,
921 3207 1001 3269 ἀλλά
1015 3231 1058 3287 ou,
1075 3213 1153 3284 πᾶῖς.

203 3384 312 3471 Quod
329 3384 379 3452 ita
393 3394 570 3453 verterem
585 3408 593 3452 :
618 3412 692 3453 «....
711 3387 795 3480 Non
812 3386 926 3453 Amor
942 3387 1097 3478 Veneris
1113 3386 1209 3455 filius
1228 3388 1321 3456 dice·

204 3509 312 3582 retur,
343 3509 379 3567 tu
408 3520 494 3567 vero
526 3499 588 3566 tali
615 3499 765 3568 nomine
794 3501 926 3589 dignus
955 3523 1093 3569 esses.»
1125 3503 1322 3572 Delectant

203 3625 323 3681 tamen
356 3636 399 3681 ea
429 3634 635 3701 quanquam
665 3616 772 3683 nimis
806 3617 930 3684 brevia
966 3604 1062 3701 sunt,
1101 3620 1321 3710 solertisque

202 3727 351 3794 artificis
372 3750 523 3795 manum·
543 3730 740 3820 declarant.

247 3843 287 3906 In
311 3864 449 3908 summa
472 3827 624 3930 simplex
647 3840 685 3911 et'
706 3831 916 3934 ingeniosus
940 3848 1179 3937 Asclepiades
1200 3873 1321 3939 neque

248 4050 268 4084 r.
287 4037 342 4083 ΑΡ.
355 4036 387 4092 V,
405 4051 461 4101 194.

244 4127 269 4160 2.
287 4113 341 4159 ΑΡ.
355 4113 387 4168 V,
405 4111 461 4162 181.

245 4184 270 4236 3.
286 4188 341 4234 ΑΡ.
356 4187 412 4243 Xll,
428 4184 486 4243 162,
500 4185 542 4237 50.

244 4277 270 4323 4.
288 4259 470 4328 Ar.rr11,75.
